3750 5592
846 591 1063 711 ..024

373 846 552 932 ,multaque
583 868 749 931 perpessae
783 845 921 931 Phrygia
952 846 1113 930 potiuntur
1144 846 1262 908 harena
1293 845 1347 927 (cc.
1370 846 1456 908 mille
1491 867 1541 910 ca·

1406 954 1537 1036 rinae).“

477 1060 595 1123 Iisdem
629 1061 695 1123 fero
730 1060 832 1123 verbis
864 1068 937 1124 mot.
964 1061 1032 1123 l'll
1066 1061 1085 1122 5
1118 1060 1250 1123 lividius
1283 1060 1542 1145 Argonautarum

369 1189 490 1231 errores
519 1168 716 1252 ¹significavit.
764 1167 909 1229 Ueterum
933 1176 1006 1230 met.
1030 1167 1099 1229 ΧΠ
1131 1168 1193 1230 109
1222 1167 1362 1229 Achillea
1390 1166 1542 1231 adversus

369 1278 509 1360 llyenum
538 1275 577 1337 de
605 1274 714 1337 'Penne
742 1274 906 1337 interfecto
935 1282 967 1337 et
998 1274 1037 1337 de
1065 1273 1216 1359 Telepho,
1249 1275 1300 1359 qui
1333 1275 1380 1336 his
1410 1276 1542 1337 senserit

373 1382 625 1466 ,opuahastac“
660 1382 737 1463 eina,
768 1382 931 1465 gloriatur.
980 1381 1111 1444 Silentia
1143 1380 1268 1443 transiit
1291 1380 1433 1464 Ovidius,
1460 1403 1541 1467 quac

368 1488 557 1551 bibliotheca
589 1510 637 1573 ep.
654 1491 684 1572 3,
710 1490 751 1551 28
776 1510 798 1551 a.
825 1489 922 1552 refert
951 1488 989 1551 de
1018 1488 1174 1573 legatione
1205 1510 1224 1550 a
1255 1487 1384 1551 Graecia
1413 1488 1541 1552 Troiam
1585 1551 1587 1555 .

368 1598 461 1657 masa
486 1595 526 1658 ad
550 1595 708 1680 Helenam
732 1593 957 1680 reposcendam
973 1594 1040 1675 (aed
1067 1618 1094 1659 v.
1111 1617 1140 1680 p.
1158 1596 1224 1676 64).
1250 1595 1389 1658 inseruit
1404 1594 1541 1680 descrip-

368 1703 482 1764 tionem
507 1702 595 1764 illam
618 1702 736 1765 Famae
760 1709 791 1764 et
814 1704 880 1764 eius
904 1703 1071 1787 speluncae
1096 1699 1301 1784 (39—63).⁸)

474 1809 518 1871 At
543 1812 604 1872 iam
624 1809 778 1894 quomodo
793 1808 922 1871 Troiani
936 1808 1072 1871 Graecos
1097 1808 1232 1894 appulsu
1249 1809 1350 1872 litoris
1373 1809 1539 1891 arcuerint,

369 1917 559 1979 Protesilaus
597 1918 716 2001 primus
753 1937 897 2000 egressus
938 1916 996 1997 ,ab
1034 1897 1194 1980 Hectorea
1230 1916 1341 1979 hasta“
1379 1914 1538 1998 ceciderit,

367 2025 477 2087 Graeci
515 2045 556 2086 ox
590 2024 722 2087 navibus
758 2030 908 2086 excuntes
941 2024 1093 2087 Troianos
1124 2025 1264 2109 aggressi
1296 2025 1367 2107 sint,
1398 2022 1540 2086 Achillea

367 2132 509 2216 Cycnum
526 2131 666 2216 Neptuni
690 2132 788 2194 filium
814 2132 931 2214 vicerit,
957 2130 1089 2194 Ovidius
1106 2131 1216 2194 eodem
1241 2130 1351 2193 ordine
1375 2138 1405 2193 ot
1429 2129 1538 2193 eodem

368 2239 435 2300 fere
465 2237 557 2300 modo
593 2259 629 2300 ac
657 2238 906 2323 rnythographua¹
939 2245 1046 2301 narrat
1077 2237 1166 2318 (bibl.
1193 2260 1240 2323 ep.
1267 2239 1296 2321 3,
1329 2239 1369 2300 29
1395 2259 1434 2320 a,
1466 2243 1538 2301 met.

368 2344 437 2407 ΧΠ
453 2346 635 2426 64—145);
661 2367 741 2428 quae
758 2353 863 2407 autem
879 2345 917 2407 de
934 2348 1040 2430 Cycno
1056 2346 1278 2408 transformato
1292 2352 1385 2430 poeta
1398 2343 1540 2429 praebet,

367 2474 408 2514 ex
431 2452 493 2516 alio
519 2451 606 2515 fonte
630 2452 738 2514 addita
762 2461 843 2515 nunt.
897 2484 901 2492 =

474 2560 656 2645 Sequuntur
692 2562 722 2621 in
757 2559 1062 2645 Metamorphosibus
1087 2560 1203 2622 Caenei
1228 2560 1435 2645 Lapitharum
1460 2558 1540 2623 Oen-

366 2672 526 2730 taurorum
541 2667 749 2752 Periclymeni
767 2667 893 2730 fabulae
919 2669 1063 2750 insertae,
1081 2689 1161 2752 quae
1185 2688 1203 2728 a
1222 2667 1354 2730 Nestore
1371 2672 1540 2730 narrantur

368 2773 450 2853 (Xll
478 2775 673 2855 lca-576).
698 2773 805 2859 Atque
828 2773 941 2837 callide
966 2774 1098 2837 llridiuc
1127 2773 1293 2836 nonnullae
1317 2794 1377 2855 res,
1402 2775 1541 2858 quaein

367 2884 517 2966 proximis
542 2880 748 2943 bibliothecae
772 2880 926 2966 capitibus
951 2887 1085 2964 exstant,
1111 2882 1255 2944 nansitui
1272 2879 1312 2943 ad
1337 2880 1461 2943 fabulae
1485 2899 1540 2943 eas

366 2990 510 3051 intexuit.
537 2989 642 3073 Cycno
666 2990 863 3052 enimocciao
888 2988 1027 3051 indutiae
1050 2989 1129 3051 finnt
1154 2987 1230 3068 (146
1257 3010 1295 3069 a,
1324 2988 1439 3051 Procl.:
1469 2985 1538 3069 ,arri

365 3095 443 3163 rob:
456 3095 587 3181 neapoli:
599 3097 836 3181 ‹iorrrpcinrrre“,·
851 3094 935 3180 Apd.
948 3093 1024 3157 bibl.
1042 3117 1090 3180 ep.
1105 3094 1200 3159 sabb.
1215 3097 1244 3177 3,
1261 3095 1318 3176 313
1334 3093 1419 3157 locos
1433 3094 1540 3158 attulit

366 3204 404 3265 n.
420 3201 554 3265 Ehwald
580 3205 611 3265 in
635 3204 765 3284 annot),
795 3201 922 3265 Troiani
955 3201 1064 3265 urbem
1089 3201 1273 3282 defendunt,
1298 3201 1411 3265 (iracci
1435 3207 1539 3265 castra

366 3310 511 3373 muniunt
534 3310 576 3390 (r.
595 3310 655 3372 148
672 3331 711 3392 e.;
736 3308 811 3373 bibl.
830 3330 878 3394 ep.
897 3307 992 3372 Sabb.
1010 3312 1039 3392 3,
1066 3310 1122 3391 313
1147 3308 1274 3389 Procl.).
1301 3309 1401 3371 Simili
1417 3309 1541 3372 ratione

366 3419 399 3479 in
422 3417 519 3501 Cycni
551 3417 659 3479 fabula
689 3416 791 3501 lepido
824 3419 924 3500 ipsum
948 3417 1105 3480 Achillem
1138 3416 1263 3479 induxit
1293 3416 1481 3501 gloriantem
1506 3437 1541 3478 ac

365 3525 542 3609 Lyrnesnm
567 3530 597 3587 et
620 3524 745 3587 Thebas
769 3531 887 3608 copiam
912 3524 1125 3606 (roa—110),
1151 3545 1231 3609 quac
1246 3524 1327 3587 inter
1343 3523 1421 3586 alias
1444 3522 1540 3586 urbes

365 3631 405 3693 ab
429 3630 554 3694 Achille
585 3632 672 3693 initio
703 3631 776 3695 belli
809 3639 914 3715 captas
946 3632 979 3693 in
1007 3631 1198 3694 bibliotheca
1226 3637 1450 3694 enumerantur
1473 3629 1538 3715 (ep.

366 3738 461 3802 Sabb.
480 3740 511 3820 3,
536 3739 601 3820 33).

471 3845 627 3909 Absoluta
651 3847 859 3931 Periclymeni
886 3845 1142 3910 fabulaOvidiua
1168 3846 1232 3910 580
1257 3868 1295 3909 ea.
1322 3866 1444 3909 summa
1466 3845 1540 3909 bre·

365 3956 462 4017 vitate
486 3975 536 4017 res
559 3953 712 4016 Troianae
735 3975 865 4016 narrare
888 3955 1000 4037 pergit.
1048 3953 1217 4017 Praeteriit
1240 3954 1377 4037 omnino,
1402 3972 1482 4038 quae
1507 3954 1540 4015 in

365 4059 489 4122 ‘iliade
507 4060 666 4145 leguntur,
692 4082 733 4121 ex
748 4062 784 4122 iis
801 4075 915 4142 autem,
933 4080 1014 4145 quac
1030 4060 1313 4123 Posthomeriea
1326 4059 1538 4145 appellantur,

364 4176 499 4239 Achillis
528 4184 661 4240 mortem
693 4177 896 4259 (580-6113
921 4176 960 4239 ef.
977 4175 1052 4240 bibl.
1069 4199 1117 4261 ep.
1134 4177 1163 4258 5,
1189 4176 1222 4258 3)
1252 4179 1295 4241 ita
1322 4176 1478 4258 tractavit,
1504 4184 1539 4238 ut

365 4284 465 4367 ipsam
489 4284 616 4368 quidem
639 4306 705 4346 rem
729 4283 867 4348 breviter
887 4290 1038 4367 narraret,
1063 4291 1170 4347 contra
1183 4305 1291 4369 preces
1308 4284 1378 4345 illas
1395 4282 1539 4367 Neptuni

364 4393 487 4475 copiose
512 4391 682 4475 descriptas
707 4390 746 4453 dc
769 4413 825 4454 auo
849 4391 980 4453 adderet
1005 4391 1219 4473 (ooo-596).

470 4498 603 4561 Achillis
627 4519 756 4582 corpore
780 4507 974 4561 concremato
1000 4497 1203 4581 (cra-6193
1228 4497 1268 4560 ef.
1286 4497 1361 4561 bibl.
1380 4518 1429 4582 ep.
1448 4497 1478 4579 5,
1502 4497 1538 4580 5)

364 4627 452 4669 arma
475 4607 541 4668 eius
566 4608 646 4669 inter
669 4604 798 4667 Ulixem
823 4615 853 4667 et
875 4605 1007 4667 Aiacem
1030 4602 1249 4667 Telamonium
1275 4605 1379 4668 rixam
1408 4610 1540 4667 movent

472 4750 493 4817 ⁸)
514 4748 552 4801 ul.
567 4767 589 4799 r.
603 4746 627 4798 ll
647 4764 673 4816 p.
689 4750 721 4799 33
742 4753 768 4799 et
786 4753 867 4799 annot
885 4747 912 4799 ll
933 4751 973 4800 la.
