3750 5592
831 599 1051 665 ..31-

353 801 418 865 229
433 822 468 885 s,
493 820 562 864 cum
587 799 729 865 Actaeon
753 822 772 863 a
795 798 924 864 canibus
949 802 1013 863 suis
1038 802 1225 885 agitaretur:

786 909 941 990 „clamare
965 907 1096 970 libebat:

460 1014 612 1079 ‘Actaeon
636 1036 694 1100 ego
718 1036 801 1078 sum:
827 1014 988 1077 dominum
1011 1016 1187 1099 cognoscite
1210 1014 1398 1078 vostruml'“

353 1122 504 1186 Similiter
527 1122 659 1185 Nonnus
685 1145 714 1186 r.
733 1122 796 1183 322
812 1144 852 1184 s.:

749 1227 940 1314 ,atellana
965 1228 999 1291 δὲ
1024 1226 1131 1314 νεβρῷ

459 1335 553 1400 εἰσέτι
574 1339 695 1421 μοῦνος
717 1338 771 1421 ἔην
795 1336 870 1403 udo:
893 1334 1055 1420 {rmsdozfl

459 1442 580 1507 Tamen
610 1444 667 1506 etsi
702 1444 884 1506 facultatem
916 1442 1064 1527 loquendi
1098 1440 1241 1505 Actaeon
1274 1443 1386 1524 amisit,
1421 1443 1525 1526 inepte

352 1550 486 1614 effundit
508 1552 616 1636 longos
640 1558 768 1637 questus
793 1550 999 1632 (eal-3653
1036 1547 1161 1635 ,κινυρῇ
1183 1549 1366 1635 βρυχήσατο
1386 1547 1525 1635 carroff).

457 1658 522 1721 Res
556 1657 683 1744 quidem
715 1658 907 1740 simillimae,
946 1664 1049 1720 tamen
1083 1678 1164 1738 eum,
1205 1656 1258 1741 qui
1292 1656 1330 1719 de
1363 1658 1519 1719 communi

353 1765 439 1828 fonte
462 1766 586 1850 cogitet,
611 1766 669 1828 hoc
692 1785 837 1828 moneam
868 1764 1002 1827 similem
1031 1786 1098 1827 rem
1121 1763 1205 1849 apud
1227 1761 1378 1826 Ovidium
1402 1765 1525 1847 saepius

352 1874 497 1954 inveniri,
528 1873 572 1934 ita
604 1879 640 1934 ut
676 1872 717 1935 ad
751 1872 978 1956 supellectilem
1013 1872 1102 1956 quasi
1139 1883 1250 1955 poetae
1282 1871 1331 1935 vol
1364 1878 1527 1954 poetarum

350 1980 539 2063 pertinuisse
554 1978 744 2042 censendum
760 1981 808 2062 sit,
827 1980 880 2063 qui
897 1977 1200 2062 metamorphosibus
1215 1977 1380 2039 narrandis
1396 1997 1525 2060 operam

352 2094 559 2150 navaverunt.
599 2086 647 2148 De
663 2085 794 2149 Callisto
812 2088 897 2148 enim
920 2085 1058 2147 aDiana
1082 2086 1114 2147 in
1138 2106 1244 2147 ursam
1267 2089 1388 2147 mutata
1413 2084 1527 2167 legitur

351 2199 424 2256 met.
440 2193 475 2255 11
500 2193 565 2255 483
584 2214 641 2256 ss:

405 2385 407 2387 Ὺ
462 2321 571 2385 ,posse
596 2301 680 2386 loqui
705 2300 847 2384 eripitur,
872 2322 936 2362 vox
960 2300 1111 2363 iracunda
1134 2300 1305 2382 minaxque

458 2407 615 2493 plenaque
638 2409 767 2470 terroris
791 2428 885 2470 rauco
910 2407 950 2470 dc
973 2414 1100 2491 gutture
1125 2406 1235 2470 fertur.

457 2535 545 2576 mens
569 2514 699 2599 antiqua
724 2521 829 2577 tamen
853 2515 936 2577 facta
961 2534 1086 2598 quoque
1109 2513 1223 2576 mansit
1247 2516 1279 2575 in
1303 2513 1406 2575 111011.α

352 2619 457 2704 Atque
495 2627 529 2684 ut
567 2623 732 2705 intellegas
768 2621 929 2684 Nasonem
965 2641 1137 2703 numquam
1176 2620 1333 2683 taeduisse
1375 2626 1525 2682 annotare

354 2734 488 2791 mutatas
512 2750 672 2813 personas,
697 2750 766 2790 cum
792 2730 876 2811 loqui
901 2734 1099 2810 conarentur,
1129 2727 1301 2789 bestiarum
1332 2728 1394 2788 ritu
1417 2746 1525 2789 vocem

351 2833 483 2916 misisse,
496 2835 562 2919 ipse
574 2835 719 2897 conferas
732 2856 802 2897 oum
812 2841 884 2897 met.
897 2835 951 2897 ΙΙΙ
964 2836 1025 2896 237
1042 2856 1081 2897 ss.
1094 2854 1174 2916 quae
1186 2833 1224 2895 de
1239 2833 1316 2896 ione
1334 2833 1364 2913 (Ι
1382 2833 1444 2894 655
1459 2832 1524 2913 ss),

351 2937 495 3026 Ocyrhoe
531 2940 691 3023 (11665),
729 2940 848 3004 Cadmo
873 2940 936 3022 (lv
961 2942 1023 3002 586
1060 2941 1124 3020 ss),
1157 2939 1336 3002 Pieridibus
1368 2938 1411 3019 (V
1436 2939 1525 3020 676),

351 3046 485 3110 Hecuba
502 3047 603 3129 (XIII
629 3050 691 3110 567
708 3048 756 3128 s.)
772 3049 804 3111 in
827 3047 963 3133 pecudes
988 3047 1217 3110 transformatis
1241 3060 1357 3109 narrat.

459 3154 558 3218 Simili
584 3159 688 3217 autom
711 3154 804 3218 modo
829 3154 1016 3217 crediderim
1040 3152 1190 3217 Ovidium
1219 3153 1422 3216 immiscuisse
1446 3152 1527 3215 hano

349 3280 427 3343 rem,
456 3259 650 3324 Actaeonem
683 3267 835 3325 mutatam
868 3262 1002 3324 formam
1036 3282 1125 3323 suam
1154 3261 1186 3322 in
1213 3282 1295 3345 aqua
1326 3260 1525 3344 conspexisse

350 3366 429 3448 (200
453 3367 501 3448 s).
548 3367 640 3431 Idem
676 3371 758 3431 enim
794 3374 902 3431 narrat
921 3368 977 3435 ,de
1001 3368 1080 3430 Ione
1116 3368 1150 3430 in
1185 3387 1311 3430 vaccam
1346 3373 1527 3432 transversa

350 3474 368 3537 I
393 3475 457 3536 639
482 3495 521 3537 ss.

457 3582 540 3645 Item
577 3583 610 3644 in
646 3585 826 3646 narratione
862 3583 900 3644 de
929 3582 1079 3645 Semela
1115 3581 1182 3662 (HI
1218 3581 1418 3662 256-315),
1455 3601 1525 3643 cum

349 3688 526 3772 compendii
560 3690 761 3773 mytlrologici
793 3692 983 3775 expilatores
1022 3688 1103 3750 idem
1132 3696 1260 3750 narrent
1285 3687 1337 3768 (of.
1359 3686 1443 3771 Apd.
1468 3687 1523 3749 ΙΙΙ

350 3795 391 3856 26
403 3818 459 3877 ss,
474 3795 560 3880 Hyg.
576 3797 597 3858 t'.
613 3798 688 3877 llo,
707 3796 797 3859 Diod.
815 3797 868 3859 111
883 3797 934 3878 61,
950 3799 979 3876 3,
995 3795 1057 3877 (lv
1069 3799 1098 3877 2,
1113 3799 1147 3878 2,
1162 3797 1201 3858 cf.
1215 3795 1252 3857 11.
1264 3795 1377 3875 Betlre,
1391 3801 1524 3880 quaesit.

349 3900 442 3964 Diod.
460 3926 490 3988 p.
509 3907 549 3965 56
568 3904 632 3987 ss),
663 3902 824 3966 Nasonem
848 3926 865 3965 e
888 3902 1073 3987 compendio
1104 3902 1244 3964 hausisse
1281 3923 1402 3982 censeo,
1438 3901 1524 3964 cuius

349 4010 447 4072 verba
462 4012 672 4074 exornaverit.
712 4010 797 4073 Audi
824 4013 907 4073 enim
921 4010 1081 4072 §lunonem
1098 4008 1238 4072 invidam
1262 4010 1341 4071 iram
1358 4008 1524 4071 offunden-

349 4122 413 4178 tem
437 4118 469 4179 in
493 4119 650 4180 Semelam
674 4121 844 4200 cornutam,
869 4138 974 4179 nonne
1000 4118 1095 4202 ipsius
1116 4127 1225 4201 poetae
1251 4117 1367 4200 ingenii
1393 4117 1520 4179 oratorii

348 4232 454 4287 notam
478 4225 555 4287 lraoo
579 4245 654 4311 prae
678 4248 711 4286 se
736 4225 863 4288 ferunt?

456 4333 630 4417 Praecipue
647 4339 751 4395 autem
769 4334 858 4415 ratio,
879 4354 941 4417 qua
958 4331 1091 4394 Ovidius
1110 4334 1322 4395 narrationem
1342 4331 1380 4393 de
1395 4331 1523 4394 Aeneae

348 4438 482 4502 navibus
509 4440 861 4524 tarvannensis
886 4439 939 4520 (cf.
964 4461 1044 4524 quae
1069 4442 1198 4524 exposui
1224 4463 1253 4524 p.
1273 4440 1325 4521 11)
1351 4440 1383 4500 in
1407 4457 1523 4500 memo-

349 4545 429 4607 riam
444 4554 608 4610 revoeatur
627 4547 781 4628 versibus,
806 4546 919 4632 quibus
945 4545 1075 4609 Cadmi
1100 4557 1130 4608 et
1147 4545 1375 4610 Harmoniae
1396 4546 1523 4608 exitus

348 4652 523 4718 illustratur
547 4652 610 4736 (lv
632 4654 830 4737 oea-603).
871 4653 995 4716 Pariter
1020 4655 1103 4716 enim
1131 4655 1230 4716 omnis
1261 4655 1447 4717 narrationis
1473 4673 1523 4716 ars
