3750 5592
846 594 1043 656 ,8-

465 789 574 874 Pergit
598 790 682 874 apud
706 790 884 875 Vergilium
914 791 1039 853 Aeneas
1070 812 1192 854 errores
1225 813 1296 854 suos
1326 812 1453 854 narrare
1481 792 1530 853 his

357 896 462 960 verbis
486 895 580 976 (Aen.
597 896 651 960 ΙΙΙ
676 898 740 960 270
756 899 827 980 ssi:

468 1006 562 1085 ,iam
586 1005 690 1068 medio
713 1014 846 1091 apparet
868 1008 964 1069 fluctu
988 1027 1153 1070 nemorosa
1177 1007 1355 1092 Zacynthos

463 1111 749 1197 Dulichiumque
773 1113 947 1198 Sameque
972 1129 1002 1177 et
1025 1114 1180 1177 Neritos
1205 1113 1303 1176 ardua
1327 1117 1440 1195 saxis,¹

464 1218 631 1304 (effugimus
656 1222 799 1304 scopulos
824 1221 993 1303 Ithacae,
1018 1222 1146 1283 Laertia
1169 1242 1277 1305 regna,

463 1333 494 1389 et
517 1334 634 1389 terram
657 1328 798 1389 altricem
822 1329 906 1391 saevi
931 1348 1117 1391 execramur
1140 1327 1263 1409 Ulixi3

463 1455 538 1496 mox
562 1441 593 1496 et
615 1434 773 1497 Leucatae
797 1434 941 1498 nimbosa
964 1436 1126 1498 cacumina
1149 1435 1264 1497 montis

463 1547 494 1603 et
519 1540 705 1604 formidatus
728 1543 832 1605 nautis
856 1543 996 1627 aperitur
1020 1542 1169 1628 Apollo,

463 1646 559 1711 Hunc
582 1651 718 1733 petimus
743 1649 819 1712 fessi
842 1657 873 1713 et
896 1670 1014 1735 parvae
1040 1650 1232 1712 succedimus
1256 1649 1345 1731 urbi,

463 1775 576 1818 ancora
600 1756 639 1818 de
662 1778 757 1841 prora
780 1758 901 1838 iacitur,
926 1765 1010 1820 stant
1034 1759 1123 1819 litore
1146 1758 1297 1842 puppes.“
1313 1755 1337 1835 4)

357 1860 478 1933 Quibus
500 1863 692 1947 respondent
715 1864 801 1949 apud
824 1865 973 1927 Ovidium
997 1888 1028 1929 v.
1048 1866 1107 1927 711
1128 1888 1185 1928 ss:

466 1981 516 2049 ,et
540 1972 611 2032 iam
634 1970 833 2033 Dulichios
857 1977 966 2055 portus
990 1972 1226 2056 Ithacamque
1251 1972 1451 2057 Samonque

462 2074 701 2163 Neritiasque
725 2078 845 2161 domus,
869 2100 1004 2163 regnum
1028 2079 1150 2141 fallacis
1173 2079 1302 2141 Ulixis

462 2190 587 2268 praeter
612 2191 701 2248 erant
724 2186 821 2249 vecti:
847 2190 998 2249 certatam
1023 2187 1075 2248 lite
1099 2185 1229 2248 deorum

462 2288 663 2354 Ambraciam
688 2294 834 2379 versique
857 2291 968 2357 vident
991 2293 1048 2356 sub
1073 2294 1210 2377 imagine
1234 2314 1345 2355 saxum

463 2398 583 2482 iudicis,
608 2397 763 2463 Actiaco
788 2422 869 2484 quae
893 2422 976 2464 nune
999 2400 1039 2463 ab
1063 2401 1245 2486 Apolline
1268 2408 1341 2463 neta
1366 2405 1422 2483 est,

462 2493 667 2592 vocalemque
692 2530 748 2571 sua
772 2517 888 2572 terram
908 2508 1077 2577 Dodonida
1101 2529 1217 2593 quercu

463 2612 683 2699 Chaoniosque
707 2618 802 2699 sinus,
827 2615 881 2678 ubi
905 2618 969 2678 nati
996 2636 1070 2701 rege
1094 2615 1230 2678 Molosso

462 2722 548 2806 inpia
572 2722 719 2785 subiectis
744 2724 855 2808 fugere
879 2723 1023 2786 incendia
1047 2725 1188 2808 pennis.“

460 2828 603 2915 Apparet
626 2832 765 2894 imitator
787 2830 937 2915 Vergilii:
963 2830 1088 2893 easdem
1114 2832 1232 2894 insulas
1255 2845 1381 2915 praeter
1405 2830 1526 2915 Zacyn·

354 2936 442 2999 thum
459 2944 631 3020 enumerat,
656 2946 878 3001 commemorat
891 2938 1032 3020 Ulixem,
1057 2947 1164 3001 narrat
1179 2937 1332 3001 Troianos
1349 2938 1389 3000 ad
1399 2938 1527 3000 Actium

353 3046 487 3107 venisse.
534 3044 664 3127 Tamen,
689 3053 723 3109 ut
747 3047 868 3109 intexat
892 3046 1017 3109 fabulas
1042 3046 1080 3109 de
1105 3045 1207 3108 iudice
1230 3044 1400 3108 Ambracio
1425 3052 1456 3107 et
1487 3043 1525 3106 de

353 3173 429 3235 rege
453 3133 663 3215 Molossorum
686 3154 787 3216 obiter
810 3160 1078 3234 commemoratas,
1104 3153 1141 3215 de
1166 3174 1222 3215 suo
1249 3152 1346 3234 addit,
1376 3152 1528 3214 Troianos

352 3256 555 3322 Ambraciam
578 3262 700 3322 remisse
733 3260 837 3345 ibique
861 3282 974 3322 saxum
997 3259 1123 3341 vidisse,
1148 3260 1181 3321 in
1204 3259 1288 3346 quod
1312 3260 1486 3343 Oragaleus
1501 3255 1526 3335 5)

352 3372 490 3428 mutatus
514 3367 563 3447 sit,
587 3387 645 3429 nec
667 3387 730 3429 non
749 3368 909 3429 oraculum
925 3365 1135 3429 Dodonaeum
1154 3365 1394 3449 ,Chaoniosque
1420 3366 1521 3427 sinus“

351 3472 475 3556 adiisse,
499 3474 553 3537 ubi
572 3472 713 3536 Munichi
731 3474 787 3536 filii
814 3476 844 3536 in
863 3496 938 3538 aves
962 3475 1104 3538 conversi
1121 3471 1227 3551 sint⁶l
1259 3472 1380 3546 Quibus
1397 3474 1522 3535 insertis

352 3582 433 3643 male
458 3580 582 3644 turbata
606 3590 653 3645 est
677 3583 798 3644 itineris
822 3584 911 3643 ratio.

460 3689 568 3773 Pergit
590 3688 753 3774 Vergilius
778 3689 831 3751 ΙΙΙ
856 3690 917 3751 291
946 3712 984 3751 ss.
1023 3687 1166 3751 Aeneam
1194 3688 1391 3768 ,Phaeacum
1415 3688 1519 3750 arces“

350 3804 601 3880 praetervectum
625 3796 665 3857 ad
676 3795 867 3859 Buthrotum
890 3798 923 3857 in
946 3795 1043 3880 Epiro
1067 3795 1249 3879 pervenisse
1275 3793 1382 3880 ibique
1407 3797 1439 3856 in
1457 3794 1523 3856 lle·

458 3953 480 4022 4)
500 3955 582 4007 Recto
602 3956 656 4007 tale
676 3955 724 4007 hos
743 3970 833 4007 versus
852 3971 904 4006 non
924 3962 992 4006 stare
1014 3956 1067 4005 iam·
1084 3953 1166 4007 schol.
1187 3952 1296 4004 Aeneid,
1313 3952 1352 4004 Ill
1372 3957 1421 4005 274
1439 3953 1525 4005 obser-

352 4046 435 4095 vavit:
457 4046 617 4108 „Leucatam
630 4046 838 4111 promontorium
849 4044 926 4111 llpiri
941 4046 1013 4095 iuxta
1025 4043 1192 4095 Ambraciam
1206 4044 1285 4094 situm
1299 4041 1366 4094 l'also
1380 4045 1525 4094 autumat.“

352 4131 405 4185 Sed
423 4132 534 4185 fortasse
553 4134 705 4200 Apollinem
725 4134 863 4185 Actiacum
883 4133 1018 4200 Vergilius
1037 4132 1175 4184 intellexit.

458 4222 480 4289 ⁵)
500 4225 598 4274 Anton.
615 4222 756 4275 litterali
775 4223 820 4289 (ex
833 4220 980 4286 Nicandro)
1001 4221 1156 4288 Cragaleum
1170 4222 1195 4272 in
1211 4221 1348 4288 llryepum
1361 4227 1429 4272 terra
1444 4236 1526 4287 prope

350 4311 541 4380 Thermopylas
554 4312 687 4364 habitasse
701 4310 771 4363 dicit.
797 4312 856 4379 lpse
874 4310 985 4364 Ovidius
1006 4310 1121 4363 sabulum
1142 4312 1167 4360 in
1182 4310 1263 4361 alium
1280 4311 1366 4363 locum
1380 4310 1526 4377 transtulit3

351 4398 384 4453 cf.
402 4401 512 4467 Plaehn,
532 4399 564 4452 de
584 4399 719 4453 Nicandro
742 4401 854 4466 aliisque
879 4403 966 4468 poetis
990 4402 1099 4453 Graecis
1122 4399 1155 4451 ab
1176 4398 1270 4452 Ovidie
1295 4398 1437 4465 adhibitis3
1465 4398 1525 4451 diss.

354 4491 414 4542 Hal.
431 4493 506 4557 1882,
519 4508 544 4557 p.
559 4494 593 4542 47
612 4506 632 4542 s.

458 4579 480 4648 ὓ)
499 4578 532 4632 cf.
558 4581 656 4632 Anton.
681 4580 792 4634 Liberal.
816 4585 847 4633 14
871 4581 916 4649 (ex
935 4581 1002 4632 Boei
1028 4578 1242 4648 Ornithogonie‘?
1261 4576 1293 4631 cl.
1316 4578 1434 4644 Knaack,
1454 4578 1525 4630 anal.

350 4668 517 4723 Alex-Rom.
530 4686 555 4739 p.
572 4669 624 4736 10).
