3750 5592
826 560 1046 622 ..06-

350 758 382 822 in
405 779 519 822 navem
543 756 711 821 abducunt.
750 756 812 821 Sed
836 757 898 819 iam
923 756 1034 821 leviter
1058 755 1250 840 significatur
1275 753 1411 841 praedae
1435 776 1522 840 spem

350 869 502 931 falsuram
519 887 585 930 esse
602 868 719 952 piratas
735 866 778 947 (v.
795 866 858 929 606
880 872 994 949 ,utque
1008 865 1143 949 putat“).
1170 863 1276 949 Atque
1292 864 1522 927 adulescentem

350 979 382 1039 in
397 997 458 1061 quo
474 978 539 1039 vim
556 974 696 1038 divinam
719 974 857 1058 aliquam
883 974 984 1036 inesse
1000 973 1193 1055 gubernator
1210 974 1313 1054 sentit,
1338 972 1521 1035 ebrietatem

349 1104 555 1168 somnumque
579 1084 727 1145 simulare
750 1088 879 1167 propter
895 1079 1060 1161 „videtur“
1080 1078 1158 1142 illud
1183 1101 1211 1143 v.
1230 1082 1293 1143 608
1318 1082 1521 1164 suspicamur,

348 1192 554 1278 perspicimus
587 1189 723 1275 denique
756 1187 796 1251 ad
826 1211 857 1252 1.
883 1189 947 1251 630
979 1189 1148 1273 progressi,
1182 1208 1244 1271 quo
1274 1188 1375 1271 primo
1406 1188 1520 1250 Bacchi

349 1319 463 1362 nomen
487 1300 667 1361 enuntiatur
692 1297 848 1379 („veluti
872 1297 1009 1359 clamore
1032 1297 1150 1358 solutus
1175 1296 1216 1357 sit
1239 1295 1377 1379 sopor“).
1407 1295 1521 1357 Nonne

349 1414 457 1491 raptus
487 1426 622 1491 poenam
656 1412 893 1468 consecuturam
924 1402 1095 1487 expectas?
1143 1404 1294 1484 Falleris3
1332 1424 1403 1465 nam
1433 1404 1522 1488 quasi

348 1535 456 1577 somno
481 1514 634 1577 excitatus
650 1511 780 1575 Libera
797 1512 906 1597 piratis
923 1511 1054 1574 Naxum
1078 1519 1112 1572 ut
1136 1531 1168 1572 se
1192 1516 1317 1595 portent
1340 1512 1426 1595 petit.
1459 1509 1521 1572 Sed

349 1627 457 1684 contra
486 1620 581 1684 fidem
614 1619 894 1704 iusiurandumque
927 1626 1021 1703 atque
1052 1620 1154 1680 {lentis
1185 1638 1292 1703 preces
1322 1624 1462 1702 raptores
1491 1618 1523 1678 in

349 1730 444 1813 aliam
467 1730 629 1813 regionem
650 1729 721 1791 vela
741 1726 824 1789 111111.
856 1726 937 1788 Tum
962 1725 1098 1811 denique
1123 1722 1199 1787 deus
1223 1732 1409 1811 potestatem
1434 1746 1523 1787 suam

349 1835 517 1899 ostendens
541 1837 653 1920 impios
676 1837 775 1919 punit.

455 1944 512 2006 Bis
531 1946 627 2027 igitur
641 1942 797 2028 Tyrrheni
819 1943 850 2004 in
865 1942 1015 2004 Liberum
1040 1950 1179 2026 peccant,
1206 1942 1340 2026 primum
1366 1962 1435 2003 cum
1450 1962 1523 2003 eum

350 2053 380 2113 in
404 2050 495 2113 litore
527 2052 663 2134 rapiunt,
695 2051 807 2112 iterum
839 2070 908 2111 cum
940 2055 1047 2111 contra
1077 2048 1194 2111 dictum
1222 2048 1353 2111 Nasum
1384 2054 1523 2133 praeter-

349 2158 516 2221 vehuntur.
565 2157 759 2220 llabularum
790 2157 1004 2220 diversitatem
1038 2156 1111 2218 huic
1143 2158 1187 2218 rei
1218 2155 1345 2219 subesse
1375 2163 1405 2218 et
1430 2155 1523 2217 facile

350 2267 407 2349 ipsi
433 2266 600 2329 conicimus
624 2270 655 2326 et
679 2265 873 2326 narrationes
898 2265 989 2327 nobis
1013 2270 1157 2328 servatae
1182 2271 1276 2326 testes
1300 2269 1382 2326 sunt.

456 2373 652 2434 llissentiunt
685 2371 768 2433 enim
804 2382 956 2453 auctores,
988 2392 1058 2434 cum
1091 2372 1144 2433 alii
1178 2378 1306 2434 narrent
1330 2370 1522 2455 Tyrrhenos,

349 2500 419 2542 011111
439 2477 580 2541 Bacchus
605 2485 639 2539 ut
664 2475 794 2540 Naxum
819 2484 1085 2561 transportaretur
1108 2499 1221 2541 navem
1245 2498 1353 2540 eorum
1377 2498 1523 2539 conscen-

350 2585 455 2668 disset,
485 2606 553 2647 eam
580 2587 610 2647 iu
639 2586 733 2647 aliam
763 2586 924 2668 regionem
956 2583 1109 2647 direxisse
1135 2583 1323 2669 (hpdbibl.
1342 2584 1395 2646 ΠΙ
1421 2584 1461 2646 37
1479 2605 1522 2666 s.3

350 2691 438 2777 Hyg.
459 2691 480 2755 f.
502 2692 581 2774 1343
606 2691 771 2775 Aglaoslh.
788 2713 838 2775 ap.
856 2691 945 2776 Hyg.
967 2698 1049 2775 poet.
1070 2699 1184 2754 astron.
1204 2691 1250 2772 ll,
1273 2691 1337 2772 17),
1362 2691 1416 2753 alii
1439 2691 1522 2774 pira-

350 2807 397 2861 tas
420 2798 579 2861 Bacchum
604 2800 635 2860 in
659 2799 750 2861 litore
774 2800 925 2883 rapuisse,
957 2819 1026 2860 cum
1054 2799 1139 2882 regis
1170 2799 1300 2860 alicuius
1328 2798 1428 2860 filium
1451 2819 1523 2859 eum

348 2904 517 2968 habuerint
540 2904 674 2990 (Hymn.
692 2906 787 2968 Hom.
803 2906 863 2986 Vl,
889 2905 1045 2992 Jrriqooo:
1065 2902 1084 2990 ἢ
1106 2903 1243 2990 Λῃσταὶς
1267 2904 1372 2967 Nonn.
1390 2905 1522 2989 Dionys.

350 3012 401 3094 45,
417 3012 479 3073 102
495 3034 550 3093 ss3
565 3012 605 3074 cf.
618 3012 727 3075 Senec.
739 3009 816 3075 (led.
829 3013 892 3074 449
906 3013 971 3093 ss).
998 3012 1129 3075 Ovidius
1146 3014 1241 3095 igitur
1257 3010 1429 3074 secundum
1443 3011 1526 3074 hanc

350 3118 479 3181 fabulae
502 3119 637 3208 ferinam
655 3120 774 3203 piratas
789 3119 941 3182 Liberum
966 3122 998 3181 in
1019 3120 1108 3181 litore
1133 3121 1290 3183 iuvenisse
1315 3127 1346 3181 et
1361 3119 1393 3180 in
1409 3139 1525 3182 navem

349 3226 519 3289 abduxisse
536 3234 651 3289 narrat.
684 3227 728 3288 Ut
744 3232 850 3288 erilem
873 3227 991 3289 inserat
1007 3248 1088 3310 quae
1112 3227 1239 3288 alterius
1257 3226 1384 3289 fabulae
1401 3247 1525 3289 summa

349 3340 405 3414 est,
430 3334 547 3396 scilicet
570 3335 687 3418 piratas
700 3332 831 3395 Nasum
848 3342 954 3395 eontra
972 3334 1079 3396 Liberi
1100 3334 1219 3396 iussum
1235 3340 1427 3397 transvectos
1445 3353 1524 3414 esse,

349 3442 464 3503 omittit
480 3439 612 3505 Ovidius
636 3438 730 3502 deum
754 3447 864 3523 sponte
885 3462 942 3502 sua
958 3459 1071 3505 navem
1088 3440 1312 3523 conscendisse,
1338 3440 1392 3502 sed
1409 3439 1525 3503 callide

350 3548 469 3612 invenit
492 3568 565 3609 eum
585 3567 692 3609 somno
712 3549 800 3631 quasi
821 3548 950 3610 arvino
975 3527 1104 3631 gravem
1128 3546 1335 3633 aTyrrhenis
1359 3550 1391 3609 in
1410 3567 1526 3610 navem

349 3655 476 3717 ductum
495 3675 573 3736 esse,
599 3655 857 3739 expergefactum
881 3662 987 3717 autem
1010 3656 1197 3740 postulasse,
1221 3662 1255 3718 ut
1273 3678 1306 3718 se
1321 3655 1452 3718 Naxum
1469 3653 1525 3718 dc·

348 3761 476 3824 ferrent.

456 3869 528 3930 ‚lam
549 3868 632 3951 vide,
652 3888 713 3953 quo
734 3882 801 3932 arto
822 3871 947 3933 vinculo
971 3870 1136 3933 cohaereat
1151 3870 1256 3934 (lvidii
1275 3891 1345 3933 cum
1359 3868 1526 3932 Homerici

349 3976 458 4060 hymni
493 3976 680 4038 narratione.
740 3975 957 4059 Congruentes
990 3975 1122 4039 Ovidius
1151 3985 1181 4038 ct
1213 3977 1348 4061 hymnus
1381 3975 1527 4039 referunt

350 4084 439 4145 navis
472 4081 716 4166 gubernatorem
749 4084 941 4168 nequiquam
976 4084 1083 4146 sceleri
1118 4086 1338 4164 intercessisse,
1368 4102 1526 4168 quaeres

350 4209 424 4250 sane
441 4189 574 4251 multum
591 4188 712 4251 confert
729 4189 768 4252 ad
794 4190 916 4252 lectoris
934 4192 1198 4273 exspectationem
1214 4188 1400 4275 augendam.
1430 4189 1526 4252 Simi-

351 4296 422 4358 liter
437 4296 533 4380 igitur
556 4296 607 4358 hic
630 4306 662 4358 et
685 4296 749 4358 illic
766 4297 863 4359 sensit
886 4296 1079 4379 gubernator
1102 4296 1309 4360 adulescentis
1327 4295 1526 4358 divinitatem

351 4403 404 4482 (cf.
422 4401 542 4487 Hymn.
559 4401 653 4465 Hom.
670 4402 719 4464 Vl
748 4404 784 4465 ll
807 4428 841 4483 s,
867 4404 909 4466 20
934 4424 973 4485 s.;
1007 4401 1411 4484 Ov.1n‹.t.lll.l509ss.).
1459 4401 1527 4466 Sed

349 4508 491 4588 Ovidius,
521 4512 637 4594 quippe
662 4512 714 4593 qui
740 4509 891 4572 Liberum
915 4507 1051 4572 dormire
1079 4511 1231 4591 finxisset,
1261 4509 1408 4571 nimirum
1431 4530 1527 4593 prae-

350 4616 481 4679 termisit
505 4617 623 4701 piratas
647 4637 719 4681 eum
742 4620 859 4682 catenis
885 4620 1001 4683 vincire
1018 4629 1144 4684 caerites
1159 4639 1236 4684 esse,
1267 4618 1379 4682 Statim
1403 4622 1523 4705 autem,
