3750 5592
832 616 1053 680 ‚19..

348 813 495 897 Veneris,
511 813 657 900 opposuit
671 811 865 877 Actaeonem
885 818 1041 897 nepotem,
1059 832 1121 898 quo
1137 832 1228 876 nemo
1246 833 1287 876 ex
1302 811 1414 876 (ladini
1434 818 1526 897 gente

348 922 494 984 miserius
518 920 645 983 interiit.
671 918 764 993 Quod
788 940 899 982 revera
918 918 1058 983 indicant
1079 940 1199 1000 versus,
1224 919 1338 1002 quibus
1361 916 1472 982 Cadmi
1497 933 1530 983 et

348 1026 519 1115 Actaeonis
544 1027 670 1090 fabulae
695 1029 928 1110 coniunguntur
951 1025 1021 1107 (ΙΙΙ
1050 1025 1253 1105 131-140):

461 1135 586 1217 ,Prima
609 1155 708 1218 nepos
731 1137 812 1197 inter
835 1139 881 1197 tot
904 1155 955 1196 res
979 1133 1046 1217 tibi,
1071 1132 1200 1217 Cadme,
1225 1133 1377 1198 secundas

457 1262 551 1305 causa
575 1242 636 1304 fuit
660 1240 789 1304 luctus.“
817 1241 896 1322 (138
910 1244 948 1321 s.)

457 1348 595 1413 Gravius
627 1347 753 1412 videtur
786 1348 920 1411 alterum
954 1348 1034 1411 illud
1069 1348 1247 1432 discrimen,
1283 1346 1368 1432 quod
1391 1349 1469 1412 Inus
1498 1353 1529 1411 et

349 1457 553 1521 Athamantis
575 1458 667 1541 parvi
695 1456 831 1518 altorum
855 1456 970 1519 Bacchi
1002 1455 1113 1520 fabula
1142 1478 1216 1540 non,
1240 1464 1275 1518 ut
1299 1463 1528 1541 exspectamus,

351 1586 421 1628 eam
437 1564 476 1628 de
489 1564 613 1628 Semela
632 1569 663 1625 et
679 1562 793 1625 Bacchi
816 1569 886 1625 ortu
909 1564 1121 1649 subsequitur,
1138 1563 1193 1627 sed
1208 1570 1281 1648 post
1296 1562 1430 1626 Penthei
1445 1584 1527 1626 mor-

350 1677 414 1735 tem
433 1670 573 1734 affertur.
590 1669 635 1733 At
652 1670 814 1755 opinatum
830 1674 952 1734 tantum
966 1690 1035 1734 esse
1049 1670 1217 1734 discrimen
1232 1670 1440 1754 suspicaberis
1453 1691 1522 1733 ver-

351 1778 438 1841 sibus
461 1777 511 1841 IV
528 1777 714 1861 lle-431,
740 1777 854 1860 quibus
877 1779 1018 1842 narratio
1038 1777 1213 1860 inchoatur,
1238 1784 1356 1840 attente
1371 1778 1528 1862 perlectis.
1585 1793 1594 1808 ‘

353 1884 460 1958 Quid?
485 1885 614 1947 alumno
632 1887 693 1947 iam
710 1884 818 1947 adulto
836 1886 961 1970 iamque
976 1906 1082 1949 rerum
1103 1893 1263 1970 gestarum
1280 1885 1381 1968 gloria
1396 1885 1526 1947 florente

353 1990 510 2055 Juncnem
543 1992 670 2055 dentum
703 1992 735 2054 in
766 1992 882 2055 Bacchi
915 1991 1098 2056 educatores
1132 1995 1180 2055 ira
1213 1992 1369 2055 exarsisse
1394 1988 1528 2055 Ovidius

351 2099 441 2162 nobis
464 2099 655 2185 persuadere
679 2099 799 2162 studet!
832 2098 882 2162 En
906 2107 1018 2184 poetae
1042 2099 1180 2181 fraudes,
1205 2101 1269 2185 qui,
1294 2119 1365 2162 cum
1382 2098 1524 2162 fabulam

352 2228 393 2269 ex
417 2206 496 2288 loco,
521 2207 669 2291 quolegi
696 2206 783 2287 solet,
804 2206 963 2288 movisset,
988 2206 1154 2269 exordium
1170 2205 1211 2269 ad
1226 2210 1377 2269 mutatam
1402 2205 1529 2268 fabulae

351 2312 458 2376 sedem
482 2311 737 2376 accommodavit.
786 2312 934 2376 Ceterum
958 2311 1109 2376 Ovidium
1134 2335 1202 2376 eam
1226 2312 1336 2376 ecdem
1360 2313 1439 2396 loco,
1466 2333 1528 2399 quc

351 2421 385 2483 in
412 2419 602 2483 bibliotheca
633 2420 802 2503 invenitur,
834 2420 950 2505 legisse
980 2441 1089 2484 versus
1120 2422 1266 2502 clamant,
1301 2424 1353 2507 qui
1383 2421 1526 2485 Semelae

352 2526 495 2590 fabulam
519 2526 752 2613 subsequuntur
776 2527 845 2609 (ΙΙΙ
870 2528 934 2590 310
959 2528 1034 2610 sal:

463 2634 674 2719 ,inperfectus
697 2634 800 2697 adhuc
823 2633 928 2697 infans
952 2635 1119 2719 genetricis
1144 2634 1183 2698 ab
1207 2636 1280 2698 alvo

459 2742 591 2827 eripitur
615 2743 780 2827 patrioque
803 2748 892 2804 tener
915 2741 955 2822 (si
979 2741 1107 2805 credere
1131 2739 1263 2826 dignum
1287 2743 1347 2823 est)

462 2851 597 2912 insuitur
621 2849 733 2912 femori
757 2856 963 2933 maternaque
987 2856 1129 2933 tempora
1152 2850 1288 2935 conplet.

459 2957 570 3019 furtim
593 2957 683 3018 illum
707 2958 816 3041 primis
840 2956 899 3019 lno
923 2962 1093 3019 matertera
1116 2958 1214 3019 cunis

459 3063 581 3147 educat,
607 3062 679 3126 inde
704 3062 811 3126 datum
835 3062 1005 3148 Nymphae
1029 3062 1188 3148 Nyseides
1212 3066 1310 3127 antris

459 3172 623 3234 occuluere
647 3172 711 3232 suis
736 3171 887 3255 lactisque
911 3171 1060 3233 alimenta
1084 3170 1229 3235 dedere.“

460 3276 654 3350 Quibuscum
678 3279 760 3348 mire
779 3284 967 3362 congruunt,
992 3298 1073 3362 quae
1089 3276 1303 3363 Apollodorus
1323 3278 1434 3342 ecdem
1462 3280 1528 3343 loec

353 3384 484 3447 exhibet
507 3384 561 3465 (27
579 3385 651 3466 ss.):

465 3491 625 3578 ,h'efrilpc
660 3491 696 3554 δὲ
733 3491 786 3554 dcci
823 3492 877 3554 τὸν
908 3492 1011 3577 φόβον
1042 3491 1236 3579 ἐκλσπούσρς,
1272 3492 1468 3580 ἑξαμηνιαῖον
1496 3494 1531 3556 τὸ

352 3597 479 3684 βρέφος·
501 3597 707 3682 ἐξαμβλωθὲν
732 3600 765 3660 ἐκ
783 3600 837 3662 τοῦ
855 3600 958 3685 πνρας
978 3596 1127 3685 ἁρπάσας
1138 3599 1297 3685 Ιἐνέρραψε
1312 3598 1358 3685 τῷ
1372 3598 1466 3687 μηρῷ
1480 3650 1486 3664 .
1502 3650 1529 3664 ..

354 3706 372 3787 ξ
397 3707 453 3768 28ε
482 3704 561 3767 κατὰ
590 3705 625 3767 δὲ
652 3706 707 3768 τὸν
735 3705 850 3791 χρόνον
873 3707 928 3768 τὸν
953 3704 1130 3791 καθήκοντα
1157 3705 1306 3768 ,Ιιὸνασον
1331 3708 1428 3793 γεννᾷ
1449 3706 1534 3774 Ζεὺς

353 3809 454 3879 λύσας
474 3811 515 3873 τὰ
535 3809 693 3897 ῥάμματα,
723 3811 774 3875 καὶ
805 3812 932 3876 didaco
957 3809 1064 3898 Ἑρμῇ.
1113 3813 1130 3874 ὁ
1160 3812 1194 3875 δὲ
1218 3811 1335 3898 κομαζει
1360 3814 1441 3899 πρὸς
1466 3812 1531 3875 Ἰνὼ
1564 3891 1566 3895 Α

352 3916 403 3981 καὶ
432 3916 607 4004 Ἀθάμαντα
637 3918 687 3982 καὶ
716 3918 819 3983 asida
850 3920 977 4005 τρέᾳεσν
1006 3919 1055 3987 dr:
1080 3919 1205 4005 rdppu.“
1232 3922 1372 4004 sequitur
1400 3920 1477 3982 inus
1502 3927 1532 3982 et

353 4024 554 4088 Athamantis
579 4026 697 4089 fabula.
724 4028 814 4109 §aa
837 4078 843 4090 .
868 4079 874 4090 .
899 4078 906 4091 .
928 4025 996 4108 ,aul
1020 4025 1127 4109 λαβὼν
1151 4027 1246 4089 αὑτὸν
1271 4025 1349 4107 (scil.
1368 4026 1530 4108 rlcr'ruoccr)

354 4128 467 4219 ςΕρμῆς
495 4135 576 4220 πρὸς
603 4131 731 4219 νύμφας
760 4135 901 4220 ἐκόμισεν
926 4136 959 4196 ἐν
984 4132 1074 4219 Νύσῃ
1102 4133 1311 4201 astrenciam?
1333 4138 1391 4221 τῆῗ
1417 4132 1531 4209 ’,Ἰσίας

353 4238 397 4307 ἃς
420 4239 551 4327 ὕστερον
571 4241 655 4309 Ζεὺς
676 4241 907 4328 κατιιστερὲσαῖ
929 4241 1093 4327 (ἰννὸμασεν
1110 4238 1259 4309 ‘lateret
1273 4240 1297 4324 ⁵)

461 4418 484 4485 ⁵)
503 4421 540 4472 Μ.
555 4419 676 4472 Schmidt
695 4421 721 4471 in
741 4420 856 4471 editione
871 4419 970 4488 Hygini
982 4418 1132 4473 fabularum
1151 4421 1258 4473 seclusit
1278 4420 1357 4472 verba
1375 4420 1423 4472 f.2
1444 4418 1530 4487 lirici:

356 4506 500 4573 „Athamas
519 4516 612 4576 postea
632 4540 663 4545 —
685 4510 792 4574 latificat
824 4511 859 4560 At
879 4525 911 4560 ex
931 4508 1087 4576 compendio
1107 4507 1213 4562 fluxisse
1233 4510 1299 4561 haec
1318 4510 1399 4561 rerba
1419 4510 1528 4575 Apollo-

354 4594 435 4649 dorus
454 4599 528 4650 testis
547 4605 594 4663 est,
615 4600 658 4663 qui
678 4598 688 4649 l
709 4601 751 4663 84,
772 4614 831 4649 cum
845 4598 937 4649 Phrixi
958 4606 984 4649 et
996 4598 1088 4650 Helles
1109 4598 1223 4651 lalmlam
1242 4606 1388 4664 tractasset,
1408 4599 1530 4651 similiter

355 4688 493 4739 annotavit
512 4703 543 4739 ea
562 4704 628 4753 quae
648 4695 741 4755 postea
760 4686 837 4740 Inoni
856 4694 882 4740 ct
903 4688 1055 4740 Athanmnti
1076 4688 1236 4740 aeciderunt.
