3750 5592
804 664 1025 730 ..m-

328 875 450 931 tanturn
477 873 569 953 poeta
597 865 794 951 perstringit3
825 866 868 928 nil
898 865 937 928 de
961 864 1053 945 Jove,
1083 864 1137 949 qui
1162 863 1281 927 bellum
1304 883 1430 929 morere
1454 861 1500 926 in-

327 977 427 1038 stituit
457 974 546 1055 (bibl.
567 995 614 1058 ep.
637 977 668 1055 3,
695 973 737 1054 1),
769 973 813 1035 nil
845 972 883 1035 de
914 972 998 1035 malo
1022 970 1214 1054 Discordiae,
1247 972 1290 1033 nil
1321 970 1359 1033 de
1384 956 1500 1033 Paride

329 1081 431 1144 iudico
455 1083 604 1146 invenies.
629 1081 754 1143 Pariter
778 1085 872 1165 atquc
897 1082 929 1141 in
950 1078 1099 1141 Herculis
1116 1077 1229 1141 Thesei
1245 1077 1502 1164 Argonautarum

329 1188 445 1251 fabulis
469 1188 579 1251 modiis
605 1188 636 1250 in
659 1188 753 1250 rebus
778 1187 886 1271 incipit
909 1186 1061 1249 Paridem
1085 1184 1244 1268 inducens,

653 1295 725 1378 „qui
749 1300 840 1379 rapta
862 1293 994 1378 longum
1018 1314 1088 1356 cum
1111 1291 1243 1376 coniuge
1269 1293 1386 1355 bellum

490 1403 594 1465 attulit
618 1404 651 1464 in
672 1403 823 1487 patriam3
848 1403 1091 1485 coniurataeque
1116 1404 1289 1484 sequuntur

489 1510 576 1571 mille
600 1516 684 1571 rates
708 1509 873 1592 gentisque
898 1508 991 1569 simul
1016 1526 1178 1570 commune
1202 1506 1387 1592 Pelasgac.“

437 1615 729 1701 Breviloquentiam
744 1613 937 1699 obscureque
958 1612 1081 1677 dicendi
1096 1614 1248 1675 rationem
1264 1612 1361 1676 habos
1381 1621 1503 1698 poetae,

332 1724 385 1808 qui
409 1721 553 1785 omnibus
576 1731 652 1784 nota
674 1720 806 1806 profert.
832 1720 883 1783 Ita
906 1742 946 1783 ne
971 1720 1115 1783 Helenae
1133 1719 1260 1804 quidem
1274 1741 1388 1784 nomen
1403 1721 1503 1805 affert,

330 1851 388 1892 nec
411 1836 671 1892 commemoratur
694 1828 843 1891 Paridem
867 1849 936 1891 cum
957 1827 1083 1890 Helena
1106 1828 1139 1889 in
1157 1826 1328 1890 Phoenicia
1350 1837 1506 1892 moratum

332 1958 399 1999 esso
424 1935 512 2018 (bibl.
529 1958 576 2021 ep.
594 1937 624 2018 3,
648 1935 693 2018 4),
718 1955 821 2019 neque
845 1934 918 1997 illae
947 1937 1144 2016 „coniuratac
1172 1935 1274 1997 rates“
1303 1936 1404 1998 lucem
1427 1938 1505 1998 acci-

331 2046 421 2129 piunt
444 2042 504 2105 nisi
528 2044 679 2128 appositis
702 2040 891 2126 Apollodori
914 2041 1020 2104 verbis
1045 2040 1107 2126 (ep.
1125 2040 1220 2104 sabb.
1237 2042 1321 2123 3,6);

443 2149 624 2231 ,Μενέλαος
650 2148 685 2211 δὲ
713 2148 908 2233 αἰσθόμενος
933 2146 989 2232 τὴν
1017 2146 1163 2234 ἁρπαγὴν
1190 2147 1262 2234 ἧκεν
1287 2149 1336 2215 εἰς
1358 2148 1508 2236 Μυκήνας

332 2257 415 2343 πρὸς
447 2255 668 2341 ligordanum,
698 2254 749 2318 καὶ
780 2255 877 2318 δεῖται
911 2253 1078 2340 στρατείαν
1114 2252 1165 2316 ἐπὶ
1202 2253 1312 2340 Τροέαν
1345 2254 1507 2341 ἀθροίζειν

331 2363 381 2426 καὶ
406 2363 625 2449 στρατολογεὲν
649 2362 704 2447 τὴν
720 2360 861 2425 Ἑλλάδα.
887 2362 904 2423 ὀ
929 2362 964 2424 δὲ
987 2362 1117 2447 πέμπων
1140 2361 1256 2448 κήρυκα
1271 2363 1354 2448 πρὸς
1376 2361 1507 2425 ἕκαστον

331 2478 395 2532 τῶν
418 2470 575 2552 βασιλέων
596 2476 658 2531 τῶν
673 2468 774 2555 ὅρκων
790 2467 1017 2555 ὑπεραρνρσκεν
1034 2470 1079 2529 ὦν
1103 2472 1230 2553 ὤμοσαν
1246 2518 1291 2531 ...
1313 2468 1371 2549 „de
1392 2470 1506 2532 iureiu-

333 2576 431 2639 rando
462 2576 516 2638 illo
547 2576 586 2638 cf.
607 2575 684 2638 bibl.
704 2576 754 2651 lll
789 2577 865 2638 132:
901 2573 1113 2660 ,Τυνδάρεως
1140 2574 1216 2642 roo:
1240 2579 1425 2662 μνηστῆρας·
1451 2576 1505 2657 (sc.

334 2687 392 2768 τῆς
414 2679 557 2767 Ἑλένης)
583 2681 731 2768 ἐξορκίζει
757 2682 826 2764 (sc.:
851 2680 1035 2767 stoqdq'neev,
1061 2681 1116 2743 ἐὰν
1131 2681 1148 2742 ὁ
1165 2680 1351 2768 προκρτθεὶς
1374 2681 1509 2767 ννρςέατ

335 2788 395 2850 ὑπὸ
420 2790 514 2851 ἄλλον
538 2790 627 2857 τινὸς
649 2788 790 2875 (ὶόεκῆτατ
816 2787 886 2873 περὶ
911 2790 965 2850 τὸν
990 2787 1131 2873 γάρον).“

447 2897 490 2957 lle
498 2895 765 2981 prodigioAulide
775 2896 856 2959 facto
868 2894 1201 2981 idemnarratllvidius
1212 2895 1290 2976 (Xll
1305 2897 1403 2979 llss.)
1414 2905 1508 2981 atque

334 3004 547 3088 Apollodorus
567 3004 628 3087 (ep.
641 3007 671 3085 3,
686 3003 739 3084 15)
755 3002 911 3066 coloribus
932 3002 1052 3087 aliquot
1069 3025 1109 3065 ex
1129 3002 1235 3065 iliada
1252 3004 1270 3066 l.
1284 3004 1318 3065 ll
1333 3002 1507 3088 surnptisff)

443 3110 594 3172 Similiter
619 3130 667 3171 res
690 3130 724 3170 sc
747 3108 843 3171 habet
867 3109 899 3170 in
926 3109 973 3191 iis,
999 3131 1079 3194 quae
1101 3107 1233 3172 Ovidius
1259 3108 1297 3170 de
1321 3109 1507 3193 Iphigeniae.

336 3215 547 3279 immolatione
579 3215 719 3278 uorsibus
743 3216 907 3279 mandavit
930 3215 1015 3293 (ΧΠ
1040 3216 1195 3296 24-37).
1244 3217 1332 3289 (luae
1357 3218 1414 3278 etsi
1438 3216 1508 3279 bre-

338 3326 416 3388 viter
440 3322 634 3406 obscureque
659 3323 746 3385 initio
771 3322 897 3406 quidem
921 3329 1050 3385 narrata
1073 3328 1146 3386 sunt
1170 3323 1281 3406 (quare
1305 3323 1406 3385 lliana
1431 3324 1510 3386 irata

266 3423 268 3425 ’
337 3434 385 3514 sit⁷
411 3430 543 3494 Ovidius
566 3431 653 3492 nullo
679 3428 775 3493 verbo
800 3430 898 3514 dicit)⁷
923 3432 1080 3492 tamenin
1101 3430 1282 3494 uuiversum
1308 3430 1418 3493 eadem
1438 3440 1510 3492 sunt

336 3559 372 3600 ac
396 3558 476 3622 quae
500 3537 676 3621 compendii
707 3537 911 3622 mythologici
936 3537 1128 3621 expilatores
1152 3537 1242 3600 nobis
1267 3537 1395 3601 tradunt
1419 3537 1509 3618 (bibl.

338 3666 386 3729 ep.
409 3648 439 3726 3,
465 3645 503 3707 21
536 3669 571 3726 s,
602 3644 715 3726 Proui,
747 3644 834 3729 Hyg.
857 3644 877 3706 f.
900 3645 941 3707 98
973 3643 1056 3725 etc).
1104 3644 1156 3707 Ex
1188 3644 1350 3729 Euripidis
1383 3643 1510 3729 quidem

338 3751 505 3835 iphigenia
527 3750 693 3814 Aulidensi
714 3751 906 3835 deprompsit
926 3751 1086 3813 ministros
1108 3752 1216 3814 tientes
1239 3753 1417 3836 circumque
1441 3773 1510 3814 aras

338 3866 455 3920 stantes
480 3865 510 3921 et
534 3859 685 3921 nonnulla
714 3858 786 3940 alia,
816 3879 896 3942 quae
921 3858 960 3921 u.
978 3857 1114 3921 Ehwald
1139 3860 1170 3921 in
1194 3859 1446 3922 annotationibus
1470 3856 1510 3920 ad

340 3966 358 4028 l.
375 3964 444 4027 ΧΠ
468 3988 498 4029 ν.
517 3967 557 4028 29
582 3965 746 4049 congessit.
776 3965 879 4027 Unum
902 3975 1008 4028 restat.
1036 3965 1214 4028 Secundum
1238 3965 1510 4031 cuimbibliothe·

337 4094 406 4136 cam
435 4072 483 4135 bis
514 4072 625 4135 Graeci
653 4072 772 4135 Aulide
802 4080 1030 4155 convenerunt3
1062 4074 1281 4158 interpositum
1315 4082 1361 4136 est
1393 4073 1511 4136 bellum

338 4179 586 4243 Teuthranteum
610 4178 699 4261 (bibl.
723 4201 771 4264 ep.
797 4180 866 4243 Vat.
892 4183 921 4262 3,
950 4180 987 4242 17
1014 4181 1062 4261 s).
1111 4180 1203 4253 Quod
1232 4179 1375 4262 Ovidius,
1409 4201 1511 4263 nequo

338 4288 429 4349 aliter
459 4288 564 4349 omnia
594 4306 684 4371 quac,
715 4307 785 4350 cum
816 4287 930 4349 iterum
961 4287 1072 4350 Graeci
1098 4288 1226 4349 Troiam
1256 4289 1452 4372 navigarent,
1479 4287 1511 4348 in

338 4394 467 4457 'Pencdo
495 4395 673 4479 Lemnoque
699 4395 806 4457 insulis
831 4394 913 4457 facta
938 4400 1010 4457 sunt
1034 4393 1122 4476 (bibl.
1140 4417 1188 4479 ep.
1208 4394 1278 4458 l'at.
1295 4396 1325 4476 3,
1351 4396 1507 4477 att—29),

339 4501 422 4563 hunc
446 4502 476 4564 in
501 4523 625 4565 versum
649 4502 802 4565 coartavit
826 4500 869 4582 (v.
890 4502 963 4583 38);

448 4641 469 4711 7)
490 4644 566 4696 Locis
591 4643 738 4696 Homericis
761 4642 794 4694 ab
817 4641 957 4695 Elrwaldio
981 4641 1013 4695 ad
1034 4645 1080 4696 Ov.
1095 4660 1118 4695 v.
1135 4647 1176 4708 11,
1199 4646 1237 4709 16,
1260 4646 1291 4696 19
1311 4643 1399 4697 allatis
1417 4643 1512 4697 addam

340 4732 370 4784 ll.
391 4735 440 4784 311
463 4757 495 4775 --
515 4740 575 4784 met.
592 4736 670 4799 los.;
689 4733 785 4785 11315
806 4756 838 4775 =
859 4740 918 4784 ruet.
937 4734 980 4800 163
1000 4733 1098 4785 113211
1118 4758 1149 4775 ==
1170 4740 1230 4785 ruet.
1248 4737 1287 4786 13.
