<?xml version="1.0" encoding="UTF-8"?>
<!DOCTYPE html PUBLIC "-//W3C//DTD XHTML 1.0 Transitional//EN"
    "http://www.w3.org/TR/xhtml1/DTD/xhtml1-transitional.dtd">
<html xmlns="http://www.w3.org/1999/xhtml" xml:lang="en" lang="en">
 <head>
  <title>
</title>
<meta http-equiv="Content-Type" content="text/html;charset=utf-8" />
  <meta name='ocr-system' content='tesseract 3.04.00' />
  <meta name='ocr-capabilities' content='ocr_page ocr_carea ocr_par ocr_line ocrx_word'/>
</head>
<body>
  <div class='ocr_page' id='page_1' title='image "./ovidiusquaratio00kiengoog_0054.png"; bbox 0 0 3750 5592; ppageno 0'>
   <div class='ocr_carea' id='block_1_1' title="bbox 849 644 1075 711">
    <p class='ocr_par' dir='ltr' id='par_1_1' title="bbox 849 644 1075 711">
     <span class='ocr_line' id='line_1_1' title="bbox 849 644 1075 711; baseline -0.004 0"><span class='ocrx_word' id='word_1_1' title='bbox 849 644 1075 711; x_wconf 77' lang='lat'><strong>—50-&#39;</strong></span> 
     </span>
    </p>
   </div>
   <div class='ocr_carea' id='block_1_2' title="bbox 370 843 1615 4572">
    <p class='ocr_par' dir='ltr' id='par_1_2' title="bbox 371 843 1615 2212">
     <span class='ocr_line' id='line_1_2' title="bbox 372 843 1543 932; baseline -0.002 -23"><span class='ocrx_word' id='word_1_2' title='bbox 372 845 533 932; x_wconf 77' lang='lat' dir='ltr'>Meleagro</span> <span class='ocrx_word' id='word_1_3' title='bbox 557 853 588 910; x_wconf 92' lang='lat' dir='ltr'>et</span> <span class='ocrx_word' id='word_1_4' title='bbox 604 845 643 909; x_wconf 91' lang='lat' dir='ltr'>de</span> <span class='ocrx_word' id='word_1_5' title='bbox 657 846 755 910; x_wconf 92' lang='lat' dir='ltr'>Oenei</span> <span class='ocrx_word' id='word_1_6' title='bbox 779 847 876 930; x_wconf 91' lang='lat' dir='ltr'>stirpe</span> <span class='ocrx_word' id='word_1_7' title='bbox 891 868 934 909; x_wconf 76' lang='lat' dir='ltr'>en</span> <span class='ocrx_word' id='word_1_8' title='bbox 945 845 1129 931; x_wconf 87' lang='lat' dir='ltr'>compendio</span> <span class='ocrx_word' id='word_1_9' title='bbox 1146 846 1306 909; x_wconf 82' lang='lat' dir='ltr'>fluxerunt</span> <span class='ocrx_word' id='word_1_10' title='bbox 1330 844 1373 926; x_wconf 84' lang='lat' dir='ltr'>(r.</span> <span class='ocrx_word' id='word_1_11' title='bbox 1390 844 1427 907; x_wconf 82' lang='lat' dir='ltr'>E.</span> <span class='ocrx_word' id='word_1_12' title='bbox 1443 843 1543 909; x_wconf 87' lang='lat' dir='ltr'>Bothe</span> 
     </span>
     <span class='ocr_line' id='line_1_3' title="bbox 374 952 1545 1039; baseline -0.001 -23"><span class='ocrx_word' id='word_1_13' title='bbox 374 956 393 1018; x_wconf 91' lang='lat' dir='ltr'>l.</span> <span class='ocrx_word' id='word_1_14' title='bbox 413 956 431 1018; x_wconf 93' lang='lat' dir='ltr'>l.</span> <span class='ocrx_word' id='word_1_15' title='bbox 446 977 477 1039; x_wconf 91' lang='lat' dir='ltr'>p.</span> <span class='ocrx_word' id='word_1_16' title='bbox 493 956 533 1017; x_wconf 83' lang='lat'>61</span> <span class='ocrx_word' id='word_1_17' title='bbox 560 957 608 1037; x_wconf 77' lang='lat' dir='ltr'>a).</span> <span class='ocrx_word' id='word_1_18' title='bbox 634 956 740 1038; x_wconf 85' lang='lat' dir='ltr'>Atque</span> <span class='ocrx_word' id='word_1_19' title='bbox 763 954 916 1039; x_wconf 79' lang='lat' dir='ltr'>Meleagri</span> <span class='ocrx_word' id='word_1_20' title='bbox 944 953 1085 1017; x_wconf 87' lang='lat' dir='ltr'>fabulam</span> <span class='ocrx_word' id='word_1_21' title='bbox 1110 953 1274 1016; x_wconf 88' lang='lat' dir='ltr'>historicus</span> <span class='ocrx_word' id='word_1_22' title='bbox 1289 953 1437 1015; x_wconf 87' lang='lat' dir='ltr'>Herculis</span> <span class='ocrx_word' id='word_1_23' title='bbox 1450 952 1545 1016; x_wconf 89' lang='lat' dir='ltr'>robus</span> 
     </span>
     <span class='ocr_line' id='line_1_4' title="bbox 373 1058 1615 1145; baseline -0.002 -22"><span class='ocrx_word' id='word_1_24' title='bbox 373 1061 504 1123; x_wconf 85' lang='lat' dir='ltr'>inseruit</span> <span class='ocrx_word' id='word_1_25' title='bbox 526 1083 563 1124; x_wconf 89' lang='lat' dir='ltr'>eo</span> <span class='ocrx_word' id='word_1_26' title='bbox 589 1062 663 1142; x_wconf 89' lang='lat' dir='ltr'>loco,</span> <span class='ocrx_word' id='word_1_27' title='bbox 693 1082 754 1145; x_wconf 90' lang='lat' dir='ltr'>quo</span> <span class='ocrx_word' id='word_1_28' title='bbox 783 1063 815 1124; x_wconf 91' lang='lat' dir='ltr'>in</span> <span class='ocrx_word' id='word_1_29' title='bbox 844 1062 932 1123; x_wconf 82' lang='lat' dir='ltr'>fonte</span> <span class='ocrx_word' id='word_1_30' title='bbox 962 1080 1017 1123; x_wconf 89' lang='lat' dir='ltr'>suo</span> <span class='ocrx_word' id='word_1_31' title='bbox 1043 1062 1161 1144; x_wconf 89' lang='lat' dir='ltr'>legerat</span> <span class='ocrx_word' id='word_1_32' title='bbox 1176 1059 1355 1123; x_wconf 73' lang='lat' dir='ltr'>Herculem</span> <span class='ocrx_word' id='word_1_33' title='bbox 1380 1058 1545 1145; x_wconf 73' lang='lat' dir='ltr'>Calydona</span> <span class='ocrx_word' id='word_1_34' title='bbox 1613 1069 1615 1073; x_wconf 84' lang='lat'>&#39;</span> 
     </span>
     <span class='ocr_line' id='line_1_5' title="bbox 373 1166 1543 1252; baseline -0.003 -21"><span class='ocrx_word' id='word_1_35' title='bbox 373 1170 496 1231; x_wconf 85' lang='lat' dir='ltr'>venisse</span> <span class='ocrx_word' id='word_1_36' title='bbox 521 1167 626 1252; x_wconf 86' lang='lat' dir='ltr'>ibique</span> <span class='ocrx_word' id='word_1_37' title='bbox 655 1167 693 1230; x_wconf 90' lang='lat' dir='ltr'>de</span> <span class='ocrx_word' id='word_1_38' title='bbox 721 1168 868 1231; x_wconf 79' lang='lat' dir='ltr'>Deianira</span> <span class='ocrx_word' id='word_1_39' title='bbox 892 1169 991 1230; x_wconf 88' lang='lat' dir='ltr'>Oenei</span> <span class='ocrx_word' id='word_1_40' title='bbox 1019 1166 1084 1230; x_wconf 88' lang='lat' dir='ltr'>filia</span> <span class='ocrx_word' id='word_1_41' title='bbox 1113 1187 1183 1229; x_wconf 87' lang='lat' dir='ltr'>eum</span> <span class='ocrx_word' id='word_1_42' title='bbox 1206 1167 1346 1230; x_wconf 88' lang='lat' dir='ltr'>Acheloo</span> <span class='ocrx_word' id='word_1_43' title='bbox 1376 1187 1543 1251; x_wconf 86' lang='lat' dir='ltr'>pugnasse.</span> 
     </span>
     <span class='ocr_line' id='line_1_6' title="bbox 372 1272 1542 1359; baseline -0.003 -21"><span class='ocrx_word' id='word_1_44' title='bbox 372 1274 470 1338; x_wconf 82' lang='lat' dir='ltr'>Oenei</span> <span class='ocrx_word' id='word_1_45' title='bbox 494 1278 591 1359; x_wconf 89' lang='lat' dir='ltr'>igitur</span> <span class='ocrx_word' id='word_1_46' title='bbox 615 1295 729 1337; x_wconf 89' lang='lat' dir='ltr'>nomen</span> <span class='ocrx_word' id='word_1_47' title='bbox 752 1295 824 1337; x_wconf 92' lang='lat' dir='ltr'>eum</span> <span class='ocrx_word' id='word_1_48' title='bbox 847 1277 1024 1357; x_wconf 84' lang='lat' dir='ltr'>commorit,</span> <span class='ocrx_word' id='word_1_49' title='bbox 1049 1282 1083 1336; x_wconf 90' lang='lat' dir='ltr'>ut</span> <span class='ocrx_word' id='word_1_50' title='bbox 1106 1296 1147 1337; x_wconf 87' lang='lat' dir='ltr'>ex</span> <span class='ocrx_word' id='word_1_51' title='bbox 1168 1272 1279 1337; x_wconf 89' lang='lat' dir='ltr'>eodem</span> <span class='ocrx_word' id='word_1_52' title='bbox 1305 1274 1382 1336; x_wconf 90' lang='lat' dir='ltr'>libro</span> <span class='ocrx_word' id='word_1_53' title='bbox 1407 1273 1542 1336; x_wconf 77' lang='lat' dir='ltr'>fabulari</span> 
     </span>
     <span class='ocr_line' id='line_1_7' title="bbox 371 1380 1544 1467; baseline -0.002 -24"><span class='ocrx_word' id='word_1_54' title='bbox 371 1380 524 1466; x_wconf 82' lang='lat' dir='ltr'>Meleagri</span> <span class='ocrx_word' id='word_1_55' title='bbox 556 1390 670 1445; x_wconf 85' lang='lat' dir='ltr'>sortem</span> <span class='ocrx_word' id='word_1_56' title='bbox 701 1384 863 1465; x_wconf 87' lang='lat' dir='ltr'>Deneique</span> <span class='ocrx_word' id='word_1_57' title='bbox 896 1383 1026 1465; x_wconf 89' lang='lat' dir='ltr'>stirpem</span> <span class='ocrx_word' id='word_1_58' title='bbox 1059 1382 1146 1444; x_wconf 75' lang='lat' dir='ltr'>velut</span> <span class='ocrx_word' id='word_1_59' title='bbox 1179 1381 1381 1467; x_wconf 72' lang='grc' dir='ltr'>παρέκβασιν,</span> <span class='ocrx_word' id='word_1_60' title='bbox 1412 1387 1446 1442; x_wconf 92' lang='lat' dir='ltr'>ut</span> <span class='ocrx_word' id='word_1_61' title='bbox 1478 1382 1544 1465; x_wconf 86' lang='lat' dir='ltr'>ipse</span> 
     </span>
     <span class='ocr_line' id='line_1_8' title="bbox 373 1487 1544 1573; baseline -0.003 -23"><span class='ocrx_word' id='word_1_62' title='bbox 373 1488 446 1551; x_wconf 92' lang='lat' dir='ltr'>dicit</span> <span class='ocrx_word' id='word_1_63' title='bbox 474 1488 514 1569; x_wconf 87' lang='lat' dir='ltr'>(c.</span> <span class='ocrx_word' id='word_1_64' title='bbox 536 1490 587 1570; x_wconf 82' lang='lat'>34,</span> <span class='ocrx_word' id='word_1_65' title='bbox 618 1494 635 1570; x_wconf 65' lang='grc' dir='ltr'>ξ</span> <span class='ocrx_word' id='word_1_66' title='bbox 668 1490 709 1572; x_wconf 89' lang='lat'>1),</span> <span class='ocrx_word' id='word_1_67' title='bbox 739 1489 932 1551; x_wconf 84' lang='lat' dir='ltr'>transferret.</span> <span class='ocrx_word' id='word_1_68' title='bbox 981 1487 1072 1562; x_wconf 77' lang='lat' dir='ltr'>Quod</span> <span class='ocrx_word' id='word_1_69' title='bbox 1100 1489 1197 1572; x_wconf 89' lang='lat' dir='ltr'>ipsius</span> <span class='ocrx_word' id='word_1_70' title='bbox 1225 1488 1411 1573; x_wconf 75' lang='lat' dir='ltr'>Apollodori</span> <span class='ocrx_word' id='word_1_71' title='bbox 1440 1488 1544 1551; x_wconf 80' lang='lat' dir='ltr'>verbis</span> 
     </span>
     <span class='ocr_line' id='line_1_9' title="bbox 372 1591 1545 1680; baseline -0.001 -23"><span class='ocrx_word' id='word_1_72' title='bbox 372 1596 601 1679; x_wconf 88' lang='lat' dir='ltr'>comprobatur,</span> <span class='ocrx_word' id='word_1_73' title='bbox 626 1598 678 1680; x_wconf 86' lang='lat' dir='ltr'>qui</span> <span class='ocrx_word' id='word_1_74' title='bbox 702 1601 867 1680; x_wconf 89' lang='lat' dir='ltr'>postquam</span> <span class='ocrx_word' id='word_1_75' title='bbox 892 1596 1040 1658; x_wconf 85' lang='lat' dir='ltr'>Herculis</span> <span class='ocrx_word' id='word_1_76' title='bbox 1065 1591 1148 1657; x_wconf 76' lang='lat' dir='ltr'>ridle</span> <span class='ocrx_word' id='word_1_77' title='bbox 1172 1609 1203 1658; x_wconf 89' lang='lat' dir='ltr'>et</span> <span class='ocrx_word' id='word_1_78' title='bbox 1226 1616 1360 1679; x_wconf 89' lang='lat' dir='ltr'>parerga</span> <span class='ocrx_word' id='word_1_79' title='bbox 1383 1595 1545 1679; x_wconf 88' lang='lat' dir='ltr'>complura</span> 
     </span>
     <span class='ocr_line' id='line_1_10' title="bbox 371 1701 1543 1787; baseline -0.002 -23"><span class='ocrx_word' id='word_1_80' title='bbox 371 1704 521 1785; x_wconf 81' lang='lat' dir='ltr'>narrarit,</span> <span class='ocrx_word' id='word_1_81' title='bbox 553 1703 589 1765; x_wconf 88' lang='lat' dir='ltr'>II</span> <span class='ocrx_word' id='word_1_82' title='bbox 620 1703 681 1765; x_wconf 84' lang='grc'>148</span> <span class='ocrx_word' id='word_1_83' title='bbox 713 1702 816 1787; x_wconf 87' lang='lat' dir='ltr'>pergit</span> <span class='ocrx_word' id='word_1_84' title='bbox 846 1724 1015 1787; x_wconf 84' lang='lat' dir='ltr'>exponere,</span> <span class='ocrx_word' id='word_1_85' title='bbox 1047 1703 1175 1764; x_wconf 89' lang='lat' dir='ltr'>heroem</span> <span class='ocrx_word' id='word_1_86' title='bbox 1205 1702 1319 1764; x_wconf 86' lang='lat' dir='ltr'>deiude</span> <span class='ocrx_word' id='word_1_87' title='bbox 1350 1701 1543 1786; x_wconf 76' lang='lat' dir='ltr'>Calydonem</span> 
     </span>
     <span class='ocr_line' id='line_1_11' title="bbox 373 1809 1544 1893; baseline -0.002 -22"><span class='ocrx_word' id='word_1_88' title='bbox 373 1811 506 1892; x_wconf 81' lang='lat' dir='ltr'>venisse,</span> <span class='ocrx_word' id='word_1_89' title='bbox 530 1809 704 1873; x_wconf 88' lang='lat' dir='ltr'>Acheloum</span> <span class='ocrx_word' id='word_1_90' title='bbox 730 1810 773 1872; x_wconf 91' lang='lat' dir='ltr'>ibi</span> <span class='ocrx_word' id='word_1_91' title='bbox 797 1810 929 1873; x_wconf 85' lang='lat' dir='ltr'>fluvium</span> <span class='ocrx_word' id='word_1_92' title='bbox 956 1810 1122 1872; x_wconf 92' lang='lat' dir='ltr'>luctatione</span> <span class='ocrx_word' id='word_1_93' title='bbox 1139 1810 1333 1893; x_wconf 84' lang='lat' dir='ltr'>profligasse,</span> <span class='ocrx_word' id='word_1_94' title='bbox 1358 1830 1454 1871; x_wconf 89' lang='lat' dir='ltr'>cornu</span> <span class='ocrx_word' id='word_1_95' title='bbox 1478 1810 1544 1870; x_wconf 85' lang='lat' dir='ltr'>eius</span> 
     </span>
     <span class='ocr_line' id='line_1_12' title="bbox 372 1915 1544 2001; baseline -0.002 -23"><span class='ocrx_word' id='word_1_96' title='bbox 372 1917 503 1979; x_wconf 90' lang='lat' dir='ltr'>alterum</span> <span class='ocrx_word' id='word_1_97' title='bbox 529 1916 714 2001; x_wconf 86' lang='lat' dir='ltr'>abripuisse,</span> <span class='ocrx_word' id='word_1_98' title='bbox 739 1916 921 1979; x_wconf 84' lang='lat' dir='ltr'>Deianiram</span> <span class='ocrx_word' id='word_1_99' title='bbox 946 1916 985 1979; x_wconf 89' lang='lat' dir='ltr'>ab</span> <span class='ocrx_word' id='word_1_100' title='bbox 1003 1916 1109 1978; x_wconf 89' lang='lat' dir='ltr'>Oeneo</span> <span class='ocrx_word' id='word_1_101' title='bbox 1125 1938 1257 1979; x_wconf 84' lang='lat' dir='ltr'>uxorem</span> <span class='ocrx_word' id='word_1_102' title='bbox 1273 1918 1437 2000; x_wconf 86' lang='lat' dir='ltr'>accepisse.</span> <span class='ocrx_word' id='word_1_103' title='bbox 1463 1915 1544 1977; x_wconf 81' lang='lat' dir='ltr'>Tum</span> 
     </span>
     <span class='ocr_line' id='line_1_13' title="bbox 371 2022 1543 2108; baseline -0.003 -23"><span class='ocrx_word' id='word_1_104' title='bbox 371 2022 500 2085; x_wconf 89' lang='lat' dir='ltr'>eaedem</span> <span class='ocrx_word' id='word_1_105' title='bbox 523 2026 718 2086; x_wconf 74' lang='lat' dir='ltr'>narrationes</span> <span class='ocrx_word' id='word_1_106' title='bbox 739 2024 926 2107; x_wconf 89' lang='lat' dir='ltr'>eodemque</span> <span class='ocrx_word' id='word_1_107' title='bbox 944 2022 1028 2108; x_wconf 92' lang='lat' dir='ltr'>apud</span> <span class='ocrx_word' id='word_1_108' title='bbox 1048 2023 1217 2086; x_wconf 90' lang='lat' dir='ltr'>Diodorum</span> <span class='ocrx_word' id='word_1_109' title='bbox 1241 2022 1350 2086; x_wconf 91' lang='lat' dir='ltr'>ordine</span> <span class='ocrx_word' id='word_1_110' title='bbox 1368 2030 1543 2107; x_wconf 85' lang='lat' dir='ltr'>sequuntur</span> 
     </span>
     <span class='ocr_line' id='line_1_14' title="bbox 374 2129 593 2212; baseline 0.005 -20"><span class='ocrx_word' id='word_1_111' title='bbox 374 2129 479 2212; x_wconf 87' lang='lat' dir='ltr'>(—l[,</span> <span class='ocrx_word' id='word_1_112' title='bbox 507 2132 593 2212; x_wconf 82' lang='grc'>160).</span> 
     </span>
    </p>

    <p class='ocr_par' dir='ltr' id='par_1_3' title="bbox 371 2235 1546 2942">
     <span class='ocr_line' id='line_1_15' title="bbox 479 2235 1543 2323; baseline -0.001 -23"><span class='ocrx_word' id='word_1_113' title='bbox 479 2238 552 2300; x_wconf 77' lang='lat' dir='ltr'>Iam</span> <span class='ocrx_word' id='word_1_114' title='bbox 577 2260 650 2302; x_wconf 91' lang='lat' dir='ltr'>vero</span> <span class='ocrx_word' id='word_1_115' title='bbox 675 2237 759 2321; x_wconf 90' lang='lat' dir='ltr'>apud</span> <span class='ocrx_word' id='word_1_116' title='bbox 783 2235 932 2302; x_wconf 90' lang='lat' dir='ltr'>Ovidium</span> <span class='ocrx_word' id='word_1_117' title='bbox 956 2258 1083 2323; x_wconf 87' lang='lat' dir='ltr'>prorsus</span> <span class='ocrx_word' id='word_1_118' title='bbox 1108 2236 1241 2300; x_wconf 92' lang='lat' dir='ltr'>eandem</span> <span class='ocrx_word' id='word_1_119' title='bbox 1257 2237 1438 2301; x_wconf 85' lang='lat' dir='ltr'>fabularum</span> <span class='ocrx_word' id='word_1_120' title='bbox 1461 2257 1543 2299; x_wconf 91' lang='lat' dir='ltr'>com-</span> 
     </span>
     <span class='ocr_line' id='line_1_16' title="bbox 372 2343 1545 2428; baseline 0 -23"><span class='ocrx_word' id='word_1_121' title='bbox 372 2343 589 2428; x_wconf 89' lang='lat' dir='ltr'>ponendarum</span> <span class='ocrx_word' id='word_1_122' title='bbox 604 2359 634 2407; x_wconf 89' lang='lat' dir='ltr'>et</span> <span class='ocrx_word' id='word_1_123' title='bbox 650 2343 933 2407; x_wconf 88' lang='lat' dir='ltr'>connectendarum</span> <span class='ocrx_word' id='word_1_124' title='bbox 955 2346 1106 2407; x_wconf 89' lang='lat' dir='ltr'>rationem</span> <span class='ocrx_word' id='word_1_125' title='bbox 1123 2346 1309 2409; x_wconf 81' lang='lat' dir='ltr'>invenimus.</span> <span class='ocrx_word' id='word_1_126' title='bbox 1334 2345 1446 2428; x_wconf 83' lang='lat' dir='ltr'>Aeque</span> <span class='ocrx_word' id='word_1_127' title='bbox 1461 2345 1545 2406; x_wconf 90' lang='lat' dir='ltr'>enim</span> 
     </span>
     <span class='ocr_line' id='line_1_17' title="bbox 372 2450 1545 2537; baseline 0.001 -25"><span class='ocrx_word' id='word_1_128' title='bbox 372 2472 408 2514; x_wconf 90' lang='lat' dir='ltr'>ac</span> <span class='ocrx_word' id='word_1_129' title='bbox 431 2450 589 2514; x_wconf 88' lang='lat' dir='ltr'>Diodorus</span> <span class='ocrx_word' id='word_1_130' title='bbox 617 2451 771 2535; x_wconf 85' lang='lat' dir='ltr'>Meleagri</span> <span class='ocrx_word' id='word_1_131' title='bbox 801 2450 943 2514; x_wconf 86' lang='lat' dir='ltr'>fabulam</span> <span class='ocrx_word' id='word_1_132' title='bbox 973 2461 1066 2537; x_wconf 87' lang='lat' dir='ltr'>poeta</span> <span class='ocrx_word' id='word_1_133' title='bbox 1095 2453 1258 2515; x_wconf 83' lang='lat' dir='ltr'>coniunxit</span> <span class='ocrx_word' id='word_1_134' title='bbox 1283 2474 1353 2515; x_wconf 87' lang='lat' dir='ltr'>curu</span> <span class='ocrx_word' id='word_1_135' title='bbox 1384 2452 1431 2533; x_wconf 86' lang='lat' dir='ltr'>iis,</span> <span class='ocrx_word' id='word_1_136' title='bbox 1463 2472 1545 2534; x_wconf 88' lang='lat' dir='ltr'>quae</span> 
     </span>
     <span class='ocr_line' id='line_1_18' title="bbox 371 2557 1545 2644; baseline 0 -25"><span class='ocrx_word' id='word_1_137' title='bbox 371 2557 538 2621; x_wconf 87' lang='lat' dir='ltr'>traduntur</span> <span class='ocrx_word' id='word_1_138' title='bbox 561 2558 600 2621; x_wconf 92' lang='lat' dir='ltr'>do</span> <span class='ocrx_word' id='word_1_139' title='bbox 628 2559 772 2621; x_wconf 88' lang='lat' dir='ltr'>Herculis</span> <span class='ocrx_word' id='word_1_140' title='bbox 796 2580 866 2622; x_wconf 92' lang='lat' dir='ltr'>cum</span> <span class='ocrx_word' id='word_1_141' title='bbox 889 2559 1030 2622; x_wconf 89' lang='lat' dir='ltr'>Acheloo</span> <span class='ocrx_word' id='word_1_142' title='bbox 1054 2581 1161 2644; x_wconf 91' lang='lat' dir='ltr'>pugna</span> <span class='ocrx_word' id='word_1_143' title='bbox 1185 2559 1340 2643; x_wconf 83' lang='lat' dir='ltr'>huiusque</span> <span class='ocrx_word' id='word_1_144' title='bbox 1370 2580 1466 2621; x_wconf 90' lang='lat' dir='ltr'>cornu</span> <span class='ocrx_word' id='word_1_145' title='bbox 1489 2557 1545 2620; x_wconf 91' lang='lat' dir='ltr'>ab·</span> 
     </span>
     <span class='ocr_line' id='line_1_19' title="bbox 371 2664 1545 2749; baseline 0 -23"><span class='ocrx_word' id='word_1_146' title='bbox 371 2674 473 2749; x_wconf 91' lang='lat' dir='ltr'>rupte,</span> <span class='ocrx_word' id='word_1_147' title='bbox 498 2670 592 2749; x_wconf 83' lang='lat' dir='ltr'>atquc</span> <span class='ocrx_word' id='word_1_148' title='bbox 616 2665 742 2728; x_wconf 86' lang='lat' dir='ltr'>easdem</span> <span class='ocrx_word' id='word_1_149' title='bbox 767 2667 833 2729; x_wconf 89' lang='lat' dir='ltr'>fere</span> <span class='ocrx_word' id='word_1_150' title='bbox 858 2667 983 2729; x_wconf 81' lang='lat' dir='ltr'>fabulas</span> <span class='ocrx_word' id='word_1_151' title='bbox 1007 2666 1116 2729; x_wconf 88' lang='lat' dir='ltr'>eodem</span> <span class='ocrx_word' id='word_1_152' title='bbox 1141 2666 1250 2729; x_wconf 88' lang='lat' dir='ltr'>ordine</span> <span class='ocrx_word' id='word_1_153' title='bbox 1276 2674 1396 2729; x_wconf 88' lang='lat' dir='ltr'>tractat.</span> <span class='ocrx_word' id='word_1_154' title='bbox 1423 2664 1545 2728; x_wconf 79' lang='lat' dir='ltr'>Eodem</span> 
     </span>
     <span class='ocr_line' id='line_1_20' title="bbox 372 2772 1546 2857; baseline 0 -24"><span class='ocrx_word' id='word_1_155' title='bbox 372 2773 467 2854; x_wconf 87' lang='lat' dir='ltr'>igitur</span> <span class='ocrx_word' id='word_1_156' title='bbox 491 2772 656 2856; x_wconf 89' lang='lat' dir='ltr'>fonteque</span> <span class='ocrx_word' id='word_1_157' title='bbox 675 2773 854 2854; x_wconf 89' lang='lat' dir='ltr'>Diodorum,</span> <span class='ocrx_word' id='word_1_158' title='bbox 880 2772 1062 2857; x_wconf 88' lang='lat' dir='ltr'>cornpendio</span> <span class='ocrx_word' id='word_1_159' title='bbox 1078 2774 1194 2835; x_wconf 89' lang='lat' dir='ltr'>scilicet</span> <span class='ocrx_word' id='word_1_160' title='bbox 1209 2772 1428 2857; x_wconf 84' lang='lat' dir='ltr'>mythologice,</span> <span class='ocrx_word' id='word_1_161' title='bbox 1452 2793 1546 2835; x_wconf 87' lang='lat' dir='ltr'>usum</span> 
     </span>
     <span class='ocr_line' id='line_1_21' title="bbox 372 2878 965 2942; baseline 0.003 -2"><span class='ocrx_word' id='word_1_162' title='bbox 372 2898 439 2940; x_wconf 89' lang='lat' dir='ltr'>esse</span> <span class='ocrx_word' id='word_1_163' title='bbox 464 2879 612 2942; x_wconf 88' lang='lat' dir='ltr'>Ovidium</span> <span class='ocrx_word' id='word_1_164' title='bbox 635 2878 884 2942; x_wconf 88' lang='lat' dir='ltr'>concludendum</span> <span class='ocrx_word' id='word_1_165' title='bbox 909 2885 965 2942; x_wconf 87' lang='lat' dir='ltr'>est.</span> 
     </span>
    </p>

    <p class='ocr_par' dir='ltr' id='par_1_4' title="bbox 370 2971 1547 4140">
     <span class='ocr_line' id='line_1_22' title="bbox 479 2971 1547 3071; baseline 0.002 -24"><span class='ocrx_word' id='word_1_166' title='bbox 479 2985 550 3048; x_wconf 93' lang='lat' dir='ltr'>Hoc</span> <span class='ocrx_word' id='word_1_167' title='bbox 573 2971 700 3071; x_wconf 86' lang='lat' dir='ltr'>quidem</span> <span class='ocrx_word' id='word_1_168' title='bbox 724 2983 886 3048; x_wconf 87' lang='lat' dir='ltr'>diiudicari</span> <span class='ocrx_word' id='word_1_169' title='bbox 912 3008 974 3050; x_wconf 90' lang='lat' dir='ltr'>non</span> <span class='ocrx_word' id='word_1_170' title='bbox 998 2999 1110 3071; x_wconf 90' lang='lat' dir='ltr'>potest,</span> <span class='ocrx_word' id='word_1_171' title='bbox 1135 3000 1241 3049; x_wconf 86' lang='lat' dir='ltr'>utrum</span> <span class='ocrx_word' id='word_1_172' title='bbox 1262 2984 1348 3049; x_wconf 86' lang='lat' dir='ltr'>Naso</span> <span class='ocrx_word' id='word_1_173' title='bbox 1372 2984 1483 3049; x_wconf 88' lang='lat' dir='ltr'>eadem</span> <span class='ocrx_word' id='word_1_174' title='bbox 1508 3006 1547 3049; x_wconf 87' lang='lat' dir='ltr'>ac</span> 
     </span>
     <span class='ocr_line' id='line_1_23' title="bbox 371 3092 1545 3185; baseline 0.001 -31"><span class='ocrx_word' id='word_1_175' title='bbox 371 3092 529 3155; x_wconf 90' lang='lat' dir='ltr'>Diodorus</span> <span class='ocrx_word' id='word_1_176' title='bbox 562 3094 614 3155; x_wconf 85' lang='lat' dir='ltr'>via</span> <span class='ocrx_word' id='word_1_177' title='bbox 643 3113 829 3177; x_wconf 79' lang='lat' dir='ltr'>progressus</span> <span class='ocrx_word' id='word_1_178' title='bbox 857 3093 1002 3155; x_wconf 80' lang='lat' dir='ltr'>Herculis</span> <span class='ocrx_word' id='word_1_179' title='bbox 1033 3094 1143 3156; x_wconf 90' lang='lat' dir='ltr'>ultima</span> <span class='ocrx_word' id='word_1_180' title='bbox 1175 3094 1258 3156; x_wconf 87' lang='lat' dir='ltr'>facta</span> <span class='ocrx_word' id='word_1_181' title='bbox 1288 3104 1360 3156; x_wconf 89' lang='lat' dir='ltr'>ante</span> <span class='ocrx_word' id='word_1_182' title='bbox 1384 3093 1545 3185; x_wconf 83' lang='lat' dir='ltr'>Meleagri</span> 
     </span>
     <span class='ocr_line' id='line_1_24' title="bbox 371 3198 1547 3284; baseline 0.003 -24"><span class='ocrx_word' id='word_1_183' title='bbox 371 3221 420 3261; x_wconf 90' lang='lat' dir='ltr'>res</span> <span class='ocrx_word' id='word_1_184' title='bbox 445 3201 593 3284; x_wconf 88' lang='lat' dir='ltr'>posuerit,</span> <span class='ocrx_word' id='word_1_185' title='bbox 618 3220 658 3261; x_wconf 93' lang='lat' dir='ltr'>an</span> <span class='ocrx_word' id='word_1_186' title='bbox 681 3201 784 3283; x_wconf 88' lang='lat' dir='ltr'>potius</span> <span class='ocrx_word' id='word_1_187' title='bbox 808 3198 1002 3283; x_wconf 90' lang='lat' dir='ltr'>aMeleagro</span> <span class='ocrx_word' id='word_1_188' title='bbox 1018 3199 1057 3262; x_wconf 90' lang='lat' dir='ltr'>ad</span> <span class='ocrx_word' id='word_1_189' title='bbox 1077 3200 1245 3263; x_wconf 86' lang='lat' dir='ltr'>Herculem</span> <span class='ocrx_word' id='word_1_190' title='bbox 1268 3202 1435 3263; x_wconf 88' lang='lat' dir='ltr'>transierit.</span> <span class='ocrx_word' id='word_1_191' title='bbox 1459 3200 1547 3263; x_wconf 87' lang='lat' dir='ltr'>Nam</span> 
     </span>
     <span class='ocr_line' id='line_1_25' title="bbox 371 3306 1546 3386; baseline 0.003 -18"><span class='ocrx_word' id='word_1_192' title='bbox 371 3306 579 3369; x_wconf 74' lang='lat' dir='ltr'>bibliothecae</span> <span class='ocrx_word' id='word_1_193' title='bbox 608 3314 724 3386; x_wconf 80' lang='lat' dir='ltr'>auctor,</span> <span class='ocrx_word' id='word_1_194' title='bbox 754 3307 833 3368; x_wconf 84' lang='lat' dir='ltr'>sicut</span> <span class='ocrx_word' id='word_1_195' title='bbox 856 3307 892 3369; x_wconf 92' lang='lat' dir='ltr'>II</span> <span class='ocrx_word' id='word_1_196' title='bbox 918 3308 981 3369; x_wconf 82' lang='lat'>148</span> <span class='ocrx_word' id='word_1_197' title='bbox 1011 3308 1092 3369; x_wconf 89' lang='lat' dir='ltr'>iuter</span> <span class='ocrx_word' id='word_1_198' title='bbox 1116 3308 1263 3370; x_wconf 88' lang='lat' dir='ltr'>Herculis</span> <span class='ocrx_word' id='word_1_199' title='bbox 1293 3307 1417 3370; x_wconf 84' lang='lat' dir='ltr'>fabulas</span> <span class='ocrx_word' id='word_1_200' title='bbox 1445 3308 1546 3372; x_wconf 90' lang='lat' dir='ltr'>Oenei</span> 
     </span>
     <span class='ocr_line' id='line_1_26' title="bbox 372 3413 1547 3500; baseline 0.003 -26"><span class='ocrx_word' id='word_1_201' title='bbox 372 3414 500 3497; x_wconf 83' lang='lat' dir='ltr'>stirpem</span> <span class='ocrx_word' id='word_1_202' title='bbox 524 3421 754 3495; x_wconf 78' lang='lat' dir='ltr'>commemorat,</span> <span class='ocrx_word' id='word_1_203' title='bbox 780 3414 822 3476; x_wconf 91' lang='lat' dir='ltr'>ita</span> <span class='ocrx_word' id='word_1_204' title='bbox 839 3413 855 3475; x_wconf 90' lang='grc' dir='ltr'>Ι</span> <span class='ocrx_word' id='word_1_205' title='bbox 873 3414 914 3475; x_wconf 87' lang='grc'>64</span> <span class='ocrx_word' id='word_1_206' title='bbox 939 3416 1020 3476; x_wconf 91' lang='lat' dir='ltr'>inter</span> <span class='ocrx_word' id='word_1_207' title='bbox 1040 3415 1163 3478; x_wconf 81' lang='lat' dir='ltr'>fabulas</span> <span class='ocrx_word' id='word_1_208' title='bbox 1180 3414 1221 3477; x_wconf 91' lang='lat' dir='ltr'>ad</span> <span class='ocrx_word' id='word_1_209' title='bbox 1236 3414 1335 3477; x_wconf 90' lang='lat' dir='ltr'>Oenei</span> <span class='ocrx_word' id='word_1_210' title='bbox 1359 3417 1547 3500; x_wconf 89' lang='lat' dir='ltr'>progeniem</span> 
     </span>
     <span class='ocr_line' id='line_1_27' title="bbox 371 3518 1546 3605; baseline 0.003 -23"><span class='ocrx_word' id='word_1_211' title='bbox 371 3528 556 3603; x_wconf 86' lang='lat' dir='ltr'>spectantes,</span> <span class='ocrx_word' id='word_1_212' title='bbox 580 3528 748 3604; x_wconf 89' lang='lat' dir='ltr'>antequam</span> <span class='ocrx_word' id='word_1_213' title='bbox 773 3518 814 3583; x_wconf 92' lang='lat' dir='ltr'>ad</span> <span class='ocrx_word' id='word_1_214' title='bbox 835 3520 1032 3604; x_wconf 89' lang='lat' dir='ltr'>Meleagrum</span> <span class='ocrx_word' id='word_1_215' title='bbox 1057 3522 1176 3605; x_wconf 86' lang='lat' dir='ltr'>transit,</span> <span class='ocrx_word' id='word_1_216' title='bbox 1202 3521 1350 3585; x_wconf 88' lang='lat' dir='ltr'>Herculis</span> <span class='ocrx_word' id='word_1_217' title='bbox 1372 3522 1546 3586; x_wconf 87' lang='lat' dir='ltr'>Deianirae</span> 
     </span>
     <span class='ocr_line' id='line_1_28' title="bbox 371 3626 1546 3713; baseline 0.003 -25"><span class='ocrx_word' id='word_1_218' title='bbox 371 3627 475 3688; x_wconf 90' lang='lat' dir='ltr'>mariti</span> <span class='ocrx_word' id='word_1_219' title='bbox 498 3635 530 3689; x_wconf 91' lang='lat' dir='ltr'>et</span> <span class='ocrx_word' id='word_1_220' title='bbox 554 3646 678 3711; x_wconf 87' lang='lat' dir='ltr'>pugnae</span> <span class='ocrx_word' id='word_1_221' title='bbox 703 3626 769 3689; x_wconf 88' lang='lat' dir='ltr'>eius</span> <span class='ocrx_word' id='word_1_222' title='bbox 793 3648 862 3689; x_wconf 91' lang='lat' dir='ltr'>cum</span> <span class='ocrx_word' id='word_1_223' title='bbox 886 3627 1026 3690; x_wconf 90' lang='lat' dir='ltr'>Acheloo</span> <span class='ocrx_word' id='word_1_224' title='bbox 1051 3629 1240 3691; x_wconf 91' lang='lat' dir='ltr'>mentionem</span> <span class='ocrx_word' id='word_1_225' title='bbox 1269 3629 1352 3713; x_wconf 87' lang='lat' dir='ltr'>facit.</span> <span class='ocrx_word' id='word_1_226' title='bbox 1404 3628 1445 3691; x_wconf 92' lang='lat' dir='ltr'>Ut</span> <span class='ocrx_word' id='word_1_227' title='bbox 1467 3628 1546 3691; x_wconf 91' lang='lat' dir='ltr'>mihi</span> 
     </span>
     <span class='ocr_line' id='line_1_29' title="bbox 371 3732 1546 3818; baseline 0.004 -24"><span class='ocrx_word' id='word_1_228' title='bbox 371 3732 499 3816; x_wconf 87' lang='lat' dir='ltr'>quidem</span> <span class='ocrx_word' id='word_1_229' title='bbox 523 3734 656 3816; x_wconf 86' lang='lat' dir='ltr'>videtur,</span> <span class='ocrx_word' id='word_1_230' title='bbox 681 3734 822 3814; x_wconf 82' lang='lat' dir='ltr'>Ovidius,</span> <span class='ocrx_word' id='word_1_231' title='bbox 847 3756 916 3797; x_wconf 90' lang='lat' dir='ltr'>cum</span> <span class='ocrx_word' id='word_1_232' title='bbox 940 3735 1027 3797; x_wconf 83' lang='lat' dir='ltr'>VIII</span> <span class='ocrx_word' id='word_1_233' title='bbox 1052 3738 1112 3798; x_wconf 77' lang='lat' dir='ltr'>2il</span> <span class='ocrx_word' id='word_1_234' title='bbox 1136 3735 1251 3798; x_wconf 82' lang='lat' dir='ltr'>Thesei</span> <span class='ocrx_word' id='word_1_235' title='bbox 1275 3758 1324 3798; x_wconf 87' lang='lat' dir='ltr'>res</span> <span class='ocrx_word' id='word_1_236' title='bbox 1349 3735 1546 3818; x_wconf 78' lang='lat' dir='ltr'>absolvisset,</span> 
     </span>
     <span class='ocr_line' id='line_1_30' title="bbox 371 3841 1544 3927; baseline 0.003 -25"><span class='ocrx_word' id='word_1_237' title='bbox 371 3861 489 3903; x_wconf 91' lang='lat' dir='ltr'>memor</span> <span class='ocrx_word' id='word_1_238' title='bbox 503 3842 687 3925; x_wconf 90' lang='lat' dir='ltr'>participem</span> <span class='ocrx_word' id='word_1_239' title='bbox 703 3842 792 3903; x_wconf 93' lang='lat' dir='ltr'>illum</span> <span class='ocrx_word' id='word_1_240' title='bbox 809 3842 906 3904; x_wconf 87' lang='lat' dir='ltr'>fuisse</span> <span class='ocrx_word' id='word_1_241' title='bbox 922 3844 1096 3905; x_wconf 86' lang='lat' dir='ltr'>venationis</span> <span class='ocrx_word' id='word_1_242' title='bbox 1112 3844 1143 3905; x_wconf 88' lang='lat' dir='ltr'>in</span> <span class='ocrx_word' id='word_1_243' title='bbox 1159 3864 1272 3927; x_wconf 90' lang='lat' dir='ltr'>aprum</span> <span class='ocrx_word' id='word_1_244' title='bbox 1287 3841 1544 3927; x_wconf 72' lang='lat' dir='ltr'>Oalydonium2),</span> 
     </span>
     <span class='ocr_line' id='line_1_31' title="bbox 370 3946 1546 4032; baseline 0.004 -24"><span class='ocrx_word' id='word_1_245' title='bbox 370 3946 567 4032; x_wconf 87' lang='lat' dir='ltr'>Meleagrum</span> <span class='ocrx_word' id='word_1_246' title='bbox 591 3970 661 4011; x_wconf 88' lang='lat' dir='ltr'>curn</span> <span class='ocrx_word' id='word_1_247' title='bbox 685 3970 721 4011; x_wconf 89' lang='lat' dir='ltr'>eo</span> <span class='ocrx_word' id='word_1_248' title='bbox 745 3950 906 4011; x_wconf 78' lang='lat' dir='ltr'>coniunxit</span> <span class='ocrx_word' id='word_1_249' title='bbox 929 3955 960 4012; x_wconf 93' lang='lat' dir='ltr'>et</span> <span class='ocrx_word' id='word_1_250' title='bbox 984 3949 1056 4012; x_wconf 91' lang='lat' dir='ltr'>inde</span> <span class='ocrx_word' id='word_1_251' title='bbox 1078 3952 1290 4013; x_wconf 88' lang='lat' dir='ltr'>narrationem</span> <span class='ocrx_word' id='word_1_252' title='bbox 1314 3950 1356 4013; x_wconf 94' lang='lat' dir='ltr'>ad</span> <span class='ocrx_word' id='word_1_253' title='bbox 1370 3949 1546 4013; x_wconf 90' lang='lat' dir='ltr'>Herculem</span> 
     </span>
     <span class='ocr_line' id='line_1_32' title="bbox 371 4054 1323 4140; baseline 0.004 -24"><span class='ocrx_word' id='word_1_254' title='bbox 371 4054 540 4118; x_wconf 87' lang='lat' dir='ltr'>Deianirae</span> <span class='ocrx_word' id='word_1_255' title='bbox 564 4077 693 4139; x_wconf 84' lang='lat' dir='ltr'>procum</span> <span class='ocrx_word' id='word_1_256' title='bbox 717 4056 892 4140; x_wconf 87' lang='lat' dir='ltr'>compendii</span> <span class='ocrx_word' id='word_1_257' title='bbox 918 4058 1037 4119; x_wconf 88' lang='lat' dir='ltr'>auxilio</span> <span class='ocrx_word' id='word_1_258' title='bbox 1062 4079 1135 4120; x_wconf 88' lang='lat' dir='ltr'>usus</span> <span class='ocrx_word' id='word_1_259' title='bbox 1160 4060 1323 4120; x_wconf 85' lang='lat' dir='ltr'>convertit.</span> 
     </span>
    </p>

    <p class='ocr_par' dir='ltr' id='par_1_5' title="bbox 370 4163 1547 4572">
     <span class='ocr_line' id='line_1_33' title="bbox 478 4163 1546 4249; baseline 0.004 -26"><span class='ocrx_word' id='word_1_260' title='bbox 478 4164 612 4245; x_wconf 75' lang='lat' dir='ltr'>Quoquo</span> <span class='ocrx_word' id='word_1_261' title='bbox 636 4170 741 4225; x_wconf 86' lang='lat' dir='ltr'>autem</span> <span class='ocrx_word' id='word_1_262' title='bbox 765 4163 856 4226; x_wconf 94' lang='lat' dir='ltr'>modo</span> <span class='ocrx_word' id='word_1_263' title='bbox 881 4164 959 4226; x_wconf 88' lang='lat' dir='ltr'>hacc</span> <span class='ocrx_word' id='word_1_264' title='bbox 981 4185 1030 4226; x_wconf 88' lang='lat' dir='ltr'>res</span> <span class='ocrx_word' id='word_1_265' title='bbox 1055 4185 1087 4226; x_wconf 89' lang='lat' dir='ltr'>se</span> <span class='ocrx_word' id='word_1_266' title='bbox 1111 4163 1216 4248; x_wconf 90' lang='lat' dir='ltr'>habet,</span> <span class='ocrx_word' id='word_1_267' title='bbox 1241 4164 1274 4227; x_wconf 94' lang='lat' dir='ltr'>id</span> <span class='ocrx_word' id='word_1_268' title='bbox 1297 4164 1425 4249; x_wconf 89' lang='lat' dir='ltr'>quidem</span> <span class='ocrx_word' id='word_1_269' title='bbox 1441 4172 1546 4227; x_wconf 92' lang='lat' dir='ltr'>osten·</span> 
     </span>
     <span class='ocr_line' id='line_1_34' title="bbox 371 4268 1545 4355; baseline 0.005 -25"><span class='ocrx_word' id='word_1_270' title='bbox 371 4268 453 4331; x_wconf 88' lang='lat' dir='ltr'>disse</span> <span class='ocrx_word' id='word_1_271' title='bbox 483 4269 559 4331; x_wconf 90' lang='lat' dir='ltr'>mihi</span> <span class='ocrx_word' id='word_1_272' title='bbox 591 4269 709 4352; x_wconf 86' lang='lat' dir='ltr'>videor,</span> <span class='ocrx_word' id='word_1_273' title='bbox 742 4270 900 4353; x_wconf 86' lang='lat' dir='ltr'>Ovidium,</span> <span class='ocrx_word' id='word_1_274' title='bbox 933 4271 1076 4333; x_wconf 91' lang='lat' dir='ltr'>similiter</span> <span class='ocrx_word' id='word_1_275' title='bbox 1107 4280 1200 4355; x_wconf 92' lang='lat' dir='ltr'>atque</span> <span class='ocrx_word' id='word_1_276' title='bbox 1233 4293 1304 4334; x_wconf 94' lang='lat' dir='ltr'>cum</span> <span class='ocrx_word' id='word_1_277' title='bbox 1335 4274 1367 4333; x_wconf 92' lang='lat' dir='ltr'>in</span> <span class='ocrx_word' id='word_1_278' title='bbox 1401 4272 1420 4335; x_wconf 92' lang='lat' dir='ltr'>l.</span> <span class='ocrx_word' id='word_1_279' title='bbox 1444 4270 1493 4334; x_wconf 91' lang='lat' dir='ltr'>VI</span> <span class='ocrx_word' id='word_1_280' title='bbox 1520 4293 1545 4346; x_wconf 86' lang='lat' dir='ltr'>s.</span> 
     </span>
     <span class='ocr_line' id='line_1_35' title="bbox 370 4376 1545 4464; baseline 0.005 -27"><span class='ocrx_word' id='word_1_281' title='bbox 370 4376 612 4439; x_wconf 87' lang='lat' dir='ltr'>Atheniensium</span> <span class='ocrx_word' id='word_1_282' title='bbox 642 4377 900 4460; x_wconf 84' lang='lat' dir='ltr'>Argonautarum</span> <span class='ocrx_word' id='word_1_283' title='bbox 929 4377 1062 4441; x_wconf 87' lang='lat' dir='ltr'>Medeae</span> <span class='ocrx_word' id='word_1_284' title='bbox 1094 4380 1219 4442; x_wconf 85' lang='lat' dir='ltr'>fabulas</span> <span class='ocrx_word' id='word_1_285' title='bbox 1248 4377 1431 4464; x_wconf 90' lang='lat' dir='ltr'>compendio</span> <span class='ocrx_word' id='word_1_286' title='bbox 1459 4400 1545 4443; x_wconf 91' lang='lat' dir='ltr'>com·</span> 
     </span>
     <span class='ocr_line' id='line_1_36' title="bbox 370 4483 1547 4572; baseline 0.005 -27"><span class='ocrx_word' id='word_1_287' title='bbox 370 4492 488 4547; x_wconf 91' lang='lat' dir='ltr'>motum</span> <span class='ocrx_word' id='word_1_288' title='bbox 517 4486 597 4547; x_wconf 89' lang='lat' dir='ltr'>inter</span> <span class='ocrx_word' id='word_1_289' title='bbox 627 4507 659 4547; x_wconf 90' lang='lat' dir='ltr'>se</span> <span class='ocrx_word' id='word_1_290' title='bbox 690 4485 888 4547; x_wconf 82' lang='lat' dir='ltr'>coniunxisse</span> <span class='ocrx_word' id='word_1_291' title='bbox 919 4483 1066 4569; x_wconf 79' lang='lat' dir='ltr'>vidimus,</span> <span class='ocrx_word' id='word_1_292' title='bbox 1101 4489 1194 4549; x_wconf 92' lang='lat' dir='ltr'>etiam</span> <span class='ocrx_word' id='word_1_293' title='bbox 1226 4487 1285 4550; x_wconf 89' lang='lat' dir='ltr'>hac</span> <span class='ocrx_word' id='word_1_294' title='bbox 1317 4489 1349 4549; x_wconf 91' lang='lat' dir='ltr'>in</span> <span class='ocrx_word' id='word_1_295' title='bbox 1378 4493 1477 4572; x_wconf 90' lang='lat' dir='ltr'>parte,</span> <span class='ocrx_word' id='word_1_296' title='bbox 1511 4494 1547 4551; x_wconf 93' lang='lat' dir='ltr'>ut</span> 
     </span>
    </p>
   </div>
   <div class='ocr_carea' id='block_1_3' title="bbox 371 4625 1546 4783">
    <p class='ocr_par' dir='ltr' id='par_1_6' title="bbox 371 4625 1546 4783">
     <span class='ocr_line' id='line_1_37' title="bbox 477 4625 1546 4696; baseline 0.006 -19"><span class='ocrx_word' id='word_1_297' title='bbox 477 4625 499 4694; x_wconf 83' lang='lat'>²)</span> <span class='ocrx_word' id='word_1_298' title='bbox 519 4626 559 4677; x_wconf 91' lang='lat' dir='ltr'>De</span> <span class='ocrx_word' id='word_1_299' title='bbox 579 4626 682 4678; x_wconf 87' lang='lat' dir='ltr'>Theseo</span> <span class='ocrx_word' id='word_1_300' title='bbox 708 4627 851 4678; x_wconf 87' lang='lat' dir='ltr'>clarissimo</span> <span class='ocrx_word' id='word_1_301' title='bbox 878 4628 1026 4679; x_wconf 85' lang='lat' dir='ltr'>venationis</span> <span class='ocrx_word' id='word_1_302' title='bbox 1046 4627 1206 4696; x_wconf 83' lang='lat' dir='ltr'>Calydoniae</span> <span class='ocrx_word' id='word_1_303' title='bbox 1232 4629 1303 4681; x_wconf 89' lang='lat' dir='ltr'>socio</span> <span class='ocrx_word' id='word_1_304' title='bbox 1330 4645 1352 4680; x_wconf 88' lang='lat' dir='ltr'>v.</span> <span class='ocrx_word' id='word_1_305' title='bbox 1375 4627 1480 4694; x_wconf 86' lang='lat' dir='ltr'>Surber,</span> <span class='ocrx_word' id='word_1_306' title='bbox 1502 4627 1546 4683; x_wconf 87' lang='lat' dir='ltr'>die</span> 
     </span>
     <span class='ocr_line' id='line_1_38' title="bbox 371 4716 959 4783; baseline 0.002 -15"><span class='ocrx_word' id='word_1_307' title='bbox 371 4716 574 4783; x_wconf 83' lang='lat' dir='ltr'>Meleagersage,</span> <span class='ocrx_word' id='word_1_308' title='bbox 594 4732 620 4783; x_wconf 89' lang='lat' dir='ltr'>p.</span> <span class='ocrx_word' id='word_1_309' title='bbox 634 4718 667 4767; x_wconf 79' lang='lat'>35</span> <span class='ocrx_word' id='word_1_310' title='bbox 681 4731 700 4767; x_wconf 80' lang='lat' dir='ltr'>s</span> <span class='ocrx_word' id='word_1_311' title='bbox 723 4716 790 4770; x_wconf 83' lang='lat' dir='ltr'>Diss.</span> <span class='ocrx_word' id='word_1_312' title='bbox 804 4716 867 4768; x_wconf 90' lang='lat' dir='ltr'>Tur.</span> <span class='ocrx_word' id='word_1_313' title='bbox 885 4719 959 4769; x_wconf 69' lang='lat'>1880.</span> 
     </span>
    </p>
   </div>
   <div class='ocr_carea' id='block_1_4' title="bbox 0 0 1880 5592">
    <p class='ocr_par' dir='ltr' id='par_1_7' title="bbox 0 0 1880 5592">
     <span class='ocr_line' id='line_1_39' title="bbox 0 0 1880 5592; baseline 0 0"><span class='ocrx_word' id='word_1_314' title='bbox 0 0 1880 5592; x_wconf 95' lang='lat' dir='ltr'> </span> 
     </span>
    </p>
   </div>
  </div>
 </body>
</html>
