3750 5592
857 629 1076 690 ,53-

381 825 528 889 Herculis
543 824 598 887 illa
613 822 755 887 laborum
769 825 962 888 enumeratio
988 825 1030 905 (v.
1049 825 1088 886 67
1115 824 1180 906 ss),
1205 823 1331 888 brevior
1356 843 1431 887 sane
1456 844 1553 908 quam

381 935 510 1018 quaein
525 931 830 1017 Metamorphosibns
855 940 958 995 exstat
978 932 1030 1013 (cl.
1047 954 1077 1017 p.
1094 932 1159 1014 55).
1193 934 1273 995 Cum
1297 938 1402 994 autem
1426 932 1552 994 omnino

380 1048 541 1126 appareat,
556 1039 733 1126 Epistulam
746 1040 844 1102 multo
857 1039 973 1103 artiore
992 1041 1114 1103 vinculo
1127 1060 1197 1102 eum
1210 1038 1373 1123 tragoedia
1385 1038 1552 1103 cohaerere

382 1169 476 1233 quam
506 1146 799 1232 Metamorphoseon
832 1149 1055 1229 narrationem,
1088 1147 1288 1231 consequitur
1312 1146 1353 1209 ad
1376 1146 1553 1231 Epistulam

382 1255 510 1340 quidem
544 1253 791 1339 componendam
824 1253 973 1317 Ovidium
1007 1254 1191 1317 Trachinias
1225 1253 1340 1339 legisse
1351 1252 1388 1336 ¹⁵)
1422 1260 1453 1317 et
1482 1252 1553 1316 dili-

381 1370 492 1448 genter
506 1361 702 1444 adhibuisse,
717 1382 790 1425 cum
806 1370 911 1424 autem
927 1363 958 1423 in
972 1360 1277 1446 Metamorphosibus
1293 1361 1435 1425 fabulam
1449 1361 1552 1425 denuo

381 1475 538 1553 tractaret,
572 1469 671 1553 ipsam
705 1466 900 1553 tragoediam
932 1490 1005 1530 eum
1038 1469 1151 1532 iterum
1181 1489 1245 1532 non
1272 1467 1397 1552 adiisse,
1429 1468 1484 1531 sed
1512 1489 1554 1532 en

381 1577 532 1639 memoria
555 1575 710 1660 quaedam
728 1577 912 1660 repetivisse
932 1595 1051 1657 corum,
1076 1597 1156 1659 quae
1181 1597 1222 1639 ex
1245 1575 1408 1660 tragoedia
1432 1576 1463 1637 in
1477 1574 1553 1660 Epi-

382 1682 497 1745 stulam
510 1683 712 1746 transtulerit.
742 1682 849 1766 Atque
872 1683 970 1745 artius
986 1681 1269 1766 Metamorphoseis
1292 1682 1460 1746 cohaerere
1483 1702 1555 1745 cum

382 1789 526 1874 Epistula
561 1809 656 1873 quam
688 1810 757 1852 emn
791 1788 963 1873 tragoedia,
997 1790 1148 1873 singulari
1183 1788 1321 1873 quodam
1353 1791 1555 1852 confirmatur

382 1891 545 1981 Epistulae
568 1907 598 1959 et
612 1895 906 1981 Metamorphoseon
929 1917 1091 1979 consensu,
1116 1918 1184 1959 curn
1205 1900 1236 1960 et
1251 1896 1302 1959 hic
1320 1904 1351 1960 et
1367 1897 1431 1959 illio
1446 1903 1556 1960 eontra

383 2003 545 2088 Sophoclis
569 2003 785 2067 auctoritatem
808 2010 963 2086 narretur,
987 2004 1125 2088 primum
1149 2003 1331 2089 qnidomde
1345 2003 1493 2067 Herculis
1507 2004 1556 2066 in·

381 2108 532 2173 fidelitate
547 2110 729 2173 Deianiram
743 2111 926 2194 cognovisse
951 2110 1037 2191 (met.
1051 2110 1102 2173 IX
1122 2111 1181 2174 137
1198 2133 1254 2193 ss.;
1279 2110 1369 2195 epist.
1386 2110 1438 2173 IX
1461 2112 1481 2173 3
1497 2130 1555 2193 ss.;

382 2217 422 2279 cf.
439 2240 470 2301 p.
486 2217 552 2299 54),
578 2227 644 2280 tum
668 2216 793 2280 demum
824 2217 924 2302 ipsam
949 2218 1049 2280 lolam
1074 2217 1231 2281 Trachina
1261 2217 1442 2302 pervenisse
1467 2216 1555 2297 (met.

383 2324 515 2406 v.145;
543 2326 631 2409 epist.
652 2324 703 2387 IX
729 2325 788 2388 121
816 2324 880 2405 ss).
918 2324 1045 2387 Addam
1070 2333 1100 2387 et
1129 2326 1162 2386 in
1184 2324 1329 2410 Epistula
1360 2324 1402 2405 (v.
1423 2324 1499 2406 151)
1524 2330 1557 2387 et

382 2431 414 2493 in
428 2429 732 2515 Metamorphosibus
748 2431 791 2511 (v.
808 2431 883 2513 tta)
899 2431 1083 2494 Deianiram
1095 2431 1236 2517 profiteri
1249 2430 1378 2516 dignam
1392 2429 1556 2515 Meleagro

383 2558 521 2600 sororem
544 2557 611 2601 sese
635 2538 866 2622 praestituram.

852 3398 1014 3469 CAPUT
1047 3398 1088 3468 V.

658 3573 716 3650 lle
747 3573 885 3650 Ovidii
914 3573 1072 3651 tabulis
1102 3570 1283 3650 Troicis

490 3788 563 3849 dam
586 3787 713 3852 laevius
737 3810 818 3872 quae
841 3799 961 3849 restant
985 3788 1183 3850 notabilioria
1206 3786 1312 3850 Ovidii
1336 3788 1561 3873 mythopoeiae

384 3896 530 3979 exempla
553 3895 717 3958 absolvere
742 3896 838 3959 iurat.

491 4002 656 4063 simillime
685 4003 811 4086 quidem
839 4017 873 4065 ut
902 4003 1046 4065 llerculis
1074 4011 1105 4063 et
1128 4000 1281 4085 Meleagri
1308 4001 1358 4065 vel
1388 4000 1562 4085 Argonau-

384 4095 486 4170 tarum
502 4119 532 4170 et
546 4109 788 4171 Atheniensium
809 4110 933 4171 fabulas
948 4108 1079 4172 Ovidius
1105 4107 1137 4170 in
1162 4109 1180 4171 l.
1196 4108 1247 4170 Xl
1263 4109 1426 4171 coniunxit
1449 4109 1563 4173 Pelei

384 4221 419 4276 et
444 4214 616 4277 'l'hetidis
647 4215 786 4278 fabulam
811 4237 878 4278 cunr
905 4217 943 4277 iis
969 4216 1077 4277 rebus
1109 4214 1258 4277 Troicis
1290 4234 1384 4297 quae
1414 4213 1562 4281 bellurn

384 4322 586 4385 Troianum
616 4323 848 4407 praecedunt
879 4324 939 4403 (xl
971 4322 1167 4403 raa-795).
1204 4322 1244 4383 t't
1267 4330 1372 4384 autem
1394 4342 1462 4384 rem
1486 4344 1563 4409 per-

353 4422 358 4431 ’
384 4430 506 4512 spicias,
531 4432 744 4493 narratiomnn
770 4444 951 4493 contextum
975 4429 1146 4513 calilicem:

494 4604 524 4671 ¹⁵)
551 4605 626 4670 Quod
659 4609 792 4675 ,tr-secum»
824 4605 939 4659 ostendit
970 4606 1026 4657 ltirt
1052 4608 1076 4657 in
1109 4605 1177 4657 Itius.
1203 4604 1288 4657 lthrn.
1314 4606 1364 4657 vol.
1388 4608 1422 4657 32
1452 4605 1564 4678 (1877),

385 4697 506 4761 p.toos.
