3750 5592
825 663 867 670 --
915 625 1045 686 33-

347 819 498 906 phosibus
521 821 605 886 Juno
630 822 710 885 irata
733 826 789 905 est,
815 821 889 908 quia
912 822 1055 885 Bacchus
1071 821 1309 907 Tyrrhenorum
1332 821 1519 908 Minyadum

348 928 482 992 Penthei
507 930 661 1013 exemplis
684 935 869 1014 potestatem
893 949 982 992 suam
1006 928 1146 994 divinam
1170 929 1314 993 ostendit.

456 1035 619 1109 Quomodo
650 1043 756 1098 autem
780 1034 951 1121 Tisiphone
980 1036 1072 1098 Iuoni
1104 1044 1135 1098 et
1158 1035 1343 1100 Athamanti
1367 1038 1522 1101 insaniam

349 1142 522 1226 incusserit,
548 1145 605 1206 hoc
628 1141 777 1207 Ovidium
801 1142 973 1206 secundum
995 1142 1173 1227 Vergilium
1197 1164 1326 1207 narrare
1350 1143 1393 1208 M.
1411 1144 1523 1228 Haupt

349 1249 429 1312 vidit
445 1248 488 1330 (v.
506 1257 610 1313 annot.
627 1258 700 1314 met.
716 1248 766 1313 IV
791 1251 869 1333 4953
895 1256 969 1314 met.
985 1249 1034 1313 IV
1058 1251 1233 1314 495--499
1258 1280 1301 1303 =
1324 1251 1421 1336 Vorg.
1439 1250 1520 1314 Aen.

348 1355 416 1418 Vll
442 1357 641 1439 ato-353).

456 1461 661 1527 Manifestum
689 1472 737 1528 est
765 1465 860 1550 igitur
889 1465 1038 1529 Ovidium
1068 1487 1087 1528 a
1110 1465 1254 1549 Vergilio
1285 1465 1432 1551 pendere,
1461 1466 1522 1527 nisi

349 1568 435 1655 quod
457 1571 596 1634 imitator
619 1574 814 1635 atrocitatem
837 1575 941 1655 auxit3
971 1593 1026 1636 suo
1051 1579 1155 1637 autem
1179 1573 1280 1636 llarte
1304 1572 1427 1636 Tartari
1453 1571 1521 1635 des-

349 1677 532 1761 criptionem
559 1679 753 1764 interposuit,
779 1700 874 1764 quam
898 1679 1069 1743 luminibus
1085 1701 1156 1743 cunr
1180 1702 1221 1743 ex
1236 1677 1379 1742 Aeneide
1399 1684 1463 1743 tum
1479 1699 1521 1742 ex

349 1783 490 1869 Odyssea
514 1784 707 1870 depromptis
723 1794 908 1849 exornatam
923 1808 990 1850 esse
1014 1786 1057 1851 hl.
1076 1787 1188 1872 Haupt
1203 1787 1365 1850 annotavit
1380 1784 1434 1867 (ad
1447 1792 1521 1848 met.

350 1889 398 1954 [V
423 1892 510 1973 443).
552 1892 587 1955 ln
612 1894 794 1956 universum
818 1901 923 1955 autem
947 1890 1098 1957 Ovidium
1121 1894 1236 1957 talibus
1260 1893 1521 1979 descriptionibus

278 2056 281 2062 .
349 2018 541 2082 magnopere
574 1998 741 2061 indulsisse
773 1998 920 2062 discimus
953 2022 994 2064 ex
1028 2001 1075 2083 iis,
1101 2021 1181 2086 quae
1206 1999 1245 2064 de
1270 1999 1370 2063 Fama
1392 2001 1521 2086 eiusque

349 2105 497 2189 spelunca
531 2104 613 2185 (ΧΠ
650 2106 806 2187 39-63),
830 2105 870 2170 de
905 2105 1033 2172 Invidia
1057 2107 1106 2189 (ΙΙ
1132 2107 1332 2189 too-801),
1362 2106 1401 2171 de
1424 2106 1522 2170 Fame

350 2209 449 2291 (Vlll
468 2213 665 2293 788-822),
683 2212 722 2275 de
735 2211 851 2275 Somno
867 2213 931 2294 (xl
947 2215 1136 2297 osa-oto)
1149 2214 1291 2279 uersibus
1306 2212 1521 2295 mandavit.¹⁸)

456 2316 509 2380 Ad
533 2319 633 2403 ipsam
658 2320 719 2382 iam
744 2318 886 2383 fabulam
900 2321 1083 2384 accedentes
1098 2321 1140 2383 nil
1167 2322 1344 2385 invenimus
1369 2322 1400 2384 in
1418 2321 1523 2385 Ovidii

349 2427 540 2508 narratione,
578 2425 662 2511 quod
699 2426 900 2509 demonstret,
939 2427 1087 2491 Ovidium
1124 2434 1250 2512 praeter
1293 2428 1522 2513 compendium,

349 2532 433 2595 unde
465 2553 536 2595 eum
570 2532 710 2597 fabulam
742 2535 883 2597 attulisse
915 2556 1010 2619 supra
1042 2534 1085 2618 (p.
1107 2536 1159 2617 19)
1191 2534 1393 2617 ostendimus,
1426 2535 1523 2597 alium

351 2638 469 2700 fontem
495 2640 644 2724 seriptum
669 2640 851 2723 frequenter
875 2642 1032 2704 ascivisse.

457 2745 640 2830 legebatur
664 2747 695 2808 in
719 2747 913 2833 compendio,
937 2747 1162 2810 Athamantem
1187 2749 1219 2811 in
1246 2750 1409 2812 venatione
1425 2748 1522 2834 (apo.

350 2853 404 2916 Ill
438 2858 495 2917 28:
534 2853 601 2934 ,aar
632 2854 748 2939 s'luror
782 2851 980 2940 dppedorr:“3
1015 2855 1102 2940 Hyg.
1124 2855 1145 2918 f.
1164 2856 1198 2917 5:
1237 2856 1288 2936 ,in
1322 2856 1522 2937 venatione“)

305 2988 308 2995 ⁴
349 2959 525 3023 Learchum
550 2960 708 3023 occidisse.
745 2962 804 3023 thri
827 2963 873 3025 rei
888 2961 1020 3024 tlt'idius
1044 2962 1172 3047 obloqui
1189 2962 1322 3044 videtur,
1347 2984 1417 3025 cum
1441 2960 1524 3025 dicat

349 3066 573 3130 Athamantem
590 3070 734 3130 insanum
750 3070 929 3153 opinantem
948 3088 981 3131 se
1006 3070 1037 3131 in
1053 3071 1217 3132 venatione
1233 3070 1352 3133 versari
1379 3071 1414 3130 in
1438 3071 1522 3131 aula

350 3176 429 3236 retia
451 3173 579 3239 tendere
600 3176 726 3238 comites
750 3176 873 3237 iussisse
892 3178 1121 3261 coniugemque
1143 3198 1212 3239 eum
1236 3176 1308 3239 tiliis
1329 3184 1364 3240 ut
1382 3178 1523 3240 leaenam

349 3280 469 3360 (eontra
489 3282 572 3366 xpe.
588 3282 608 3344 l.
626 3283 659 3345 Ι.;
680 3282 747 3363 ,ior
762 3283 912 3368 altipert)
939 3292 1089 3346 sectatum
1113 3305 1189 3346 esse.
1216 3283 1278 3348 Sed
1295 3286 1434 3347 consulto
1449 3284 1523 3347 ovi-

350 3387 420 3451 dius
431 3410 497 3450 narn
510 3391 651 3453 urtrtarit.
669 3390 871 3474 'lisiphonem
883 3392 965 3453 enim
980 3393 1109 3454 lnonem
1120 3398 1150 3454 et
1159 3391 1383 3454 Athamantem
1393 3392 1424 3453 in
1436 3392 1524 3475 regia

350 3497 544 3577 quaesivisse
568 3507 677 3558 narrat
701 3496 778 3577 (486
804 3498 857 3578 ss.)
883 3497 1017 3580 ideoque
1048 3519 1114 3560 rem
1145 3499 1183 3560 ita
1213 3499 1313 3579 vertit,
1338 3504 1373 3560 ut
1395 3496 1523 3560 caedem

351 3622 413 3665 non
438 3604 469 3663 in
494 3603 591 3672 silvis,
618 3603 671 3665 sed
697 3602 764 3686 ipsa
789 3603 820 3665 in
845 3604 931 3687 regia
957 3612 1028 3667 ante
1053 3606 1159 3667 oculos
1187 3605 1291 3668 lnonis
1316 3603 1431 3667 stactam
1455 3625 1523 3666 esse

350 3707 448 3790 dicat,
473 3731 533 3793 qua
561 3712 678 3772 ratione
703 3711 890 3773 narrationis
917 3712 962 3774 ris
986 3717 1016 3773 et
1041 3719 1141 3773 terror
1168 3712 1258 3774 raldo
1283 3719 1390 3774 auctus
1415 3718 1470 3774 est.

458 3815 548 3889 tluod
565 3821 668 3878 atttem
684 3816 816 3879 lividius
836 3816 967 3900 addidit,
992 3817 1180 3902 deprecante
1200 3819 1322 3881 l'enere
1342 3818 1472 3881 Inonem
1490 3820 1521 3880 in

349 3923 445 3984 maris
474 3922 603 3985 dearum
638 3944 802 3986 numerum
835 3945 854 3986 a
886 3923 1035 4009 Neptuno
1067 3932 1225 4010 acceptam
1257 3944 1324 3987 esse
1356 3924 1429 4005 (531
1458 3926 1522 4006 ss),

351 4030 443 4091 simili
476 4029 568 4092 modo
599 4030 877 4114 metamorphoseis
910 4032 1026 4094 multas
1060 4030 1099 4094 ab
1124 4031 1237 4095 (lvidie
1267 4030 1426 4095 inchoatas
1456 4053 1523 4094 esso

349 4156 471 4217 moneo,
506 4157 586 4219 cum,
616 4144 650 4199 ut
681 4139 827 4222 exerupla
856 4137 998 4219 afferam,
1031 4137 1118 4200 Xlll
1144 4139 1206 4200 583
1232 4159 1271 4201 ss.
1296 4138 1419 4201 Aurora
1450 4139 1523 4203 Jori

460 4330 490 4397 ¹⁸)
511 4332 605 4383 Nolam
633 4346 696 4397 prae
722 4347 748 4383 se
777 4331 863 4383 tiruut
890 4331 1086 4385 Alexandrinae
1110 4348 1220 4401 poeseos
1238 4334 1305 4386 tales
1324 4331 1523 4401 descriptiones.

350 4421 393 4471 At
414 4435 502 4472 revera
528 4420 676 4486 exemplum
701 4419 854 4472 Callimachi
882 4428 1009 4486 tenemus,
1036 4424 1080 4487 qui
1105 4422 1193 4490 hymn
1214 4426 1238 4489 2,
1261 4427 1309 4474 ltro
1335 4439 1368 4476 ss.
1395 4420 1523 4475 Invidiam

351 4508 462 4573 induxit,
482 4516 508 4560 et
528 4510 552 4560 in
574 4510 684 4561 Coroebi
706 4507 795 4561 sabula
815 4511 840 4558 ἐι·
861 4508 887 4558 u'
905 4513 995 4560 „tiator
1010 4516 1154 4563 nronstrum
1168 4510 1285 4563 divinum
1301 4516 1344 4573 τὴν
1365 4516 1460 4574 Ποινὴν
1480 4511 1523 4564 de-

350 4599 479 4664 pinxerat.
500 4597 539 4650 Cl'.
554 4598 620 4650 Stat.
634 4598 716 4651 Theb.
732 4600 743 4650 l
763 4602 814 4651 597
834 4614 876 4665 ss,
889 4614 955 4663 quos
969 4615 1059 4651 versus
1073 4616 1104 4651 ex
1118 4600 1279 4653 Callimacho
1292 4599 1398 4654 tlaxisse
1412 4601 1523 4654 liuaaclr

351 4685 465 4738 ostendit
485 4688 561 4739 Aual.
577 4688 743 4741 Alex.·ltonr.
756 4705 781 4756 p.
799 4691 829 4739 ll
850 4703 883 4739 ss.

1365 4784 1380 4835 3
