3750 5592
833 579 1052 641 -34.,.

356 797 412 863 pro
428 775 606 859 Memnone,
629 775 714 840 XIV
728 778 789 841 581
807 797 846 840 ss.
870 774 981 840 Venus
996 776 1017 840 J
1019 777 1068 841 cvi
1091 799 1147 862 pro
1161 776 1281 860 Aenea,
1306 774 1390 840 XIV
1405 777 1468 841 805
1486 799 1527 841 ss.

354 883 441 946 Mars
465 882 559 946 iidem
584 883 643 947 dec
666 904 723 969 pro
746 884 893 965 Romulo,
917 881 1004 946 VIII
1033 884 1096 946 595
1126 909 1165 947 ss.
1190 884 1349 947 Achelous
1378 884 1528 969 Neptuno

307 1065 310 1073 1
353 1011 410 1074 pro
434 990 592 1054 Perimela
615 991 800 1075 supplicent.

462 1096 575 1160 Nescio
610 1097 756 1182 denique,
792 1118 853 1184 quo
890 1119 931 1160 ex
967 1098 1052 1161 fonte
1088 1097 1221 1162 lividius
1257 1097 1416 1161 addiderit
1448 1099 1528 1161 Inus

353 1205 481 1267 comites
509 1204 549 1268 ab
577 1205 702 1268 Junone
731 1207 763 1267 in
790 1225 865 1270 aves
893 1217 948 1267 aut
972 1206 1116 1290 scopulos
1148 1213 1285 1268 mutatas
1311 1204 1526 1285 (543-562).

355 1310 418 1373 Sed
441 1311 481 1374 ah
496 1311 715 1376 Alexandrino
731 1311 868 1397 quodam
891 1312 973 1375 hanc
994 1332 1061 1374 rem
1085 1312 1256 1396 sumpsisse
1273 1332 1344 1374 eum
1360 1323 1527 1398 propterea

354 1420 549 1502 potissimum
573 1416 764 1483 censendum
788 1426 843 1500 est,
869 1418 953 1503 quod
977 1417 1088 1481 (rodem
1111 1419 1204 1481 modo
1218 1418 1372 1503 Meleagri
1396 1419 1526 1482 fabulae

354 1525 505 1587 annexuit
537 1545 659 1588 sorores
692 1528 758 1589 eius
789 1533 920 1589 mortem
956 1525 1106 1588 deflentes
1145 1524 1338 1587 Nicandrum
1374 1526 1528 1610 imprimis

354 1638 477 1694 secutus
505 1632 591 1712 (met.
613 1631 700 1695 VIII
725 1633 788 1696 526
813 1653 868 1714 ss,
899 1632 939 1696 cf.
960 1633 1077 1695 Antan.
1098 1632 1168 1695 hib.
1193 1632 1214 1695 f.
1240 1636 1270 1714 2,
1301 1654 1343 1695 ex
1374 1631 1528 1694 Nicandri

355 1736 434 1822 ἓτερ.
462 1740 479 1800 l.
506 1739 575 1819 ΠΙ,
604 1763 633 1802 v.
657 1740 786 1822 Surber,
819 1739 890 1821 ,die
919 1739 1189 1824 Meleagersage“,
1219 1738 1301 1802 lliss.
1327 1738 1402 1801 Tur.
1431 1739 1527 1819 1880,

354 1867 383 1928 p.
412 1845 470 1906 121
497 1847 553 1927 1.),
586 1845 694 1909 itidem
727 1846 880 1910 Heliades
915 1846 1143 1909 Phaethontem
1176 1846 1313 1909 lacrimis
1345 1854 1527 1931 prosecutas

354 1952 403 2033 (ll
427 1954 491 2015 430
515 1954 569 2034 ss.)
603 1965 634 2016 et
657 1955 689 2015 in
712 1952 840 2017 arbores
864 1961 999 2016 mutatas
1022 1952 1063 2015 ad
1086 1953 1340 2016 Alexandrinum
1369 1952 1528 2037 quendam

352 2059 536 2123 referendas
559 2081 627 2123 esse
651 2062 689 2123 (1.
705 2060 838 2123 Knaack
862 2062 1009 2144 exposuit
1033 2060 1188 2141 (Quaestt.
1206 2059 1405 2142 Phaethont,
1430 2062 1461 2120 in
1485 2058 1526 2123 Α.

353 2166 468 2230 Kiessl.
493 2178 525 2229 et
547 2167 586 2230 U.
604 2167 643 2230 de
659 2168 838 2231 Wilamow.
863 2167 972 2252 philol.
991 2168 1130 2230 Unterss.
1149 2169 1179 2249 8,
1204 2189 1234 2252 p.
1251 2168 1292 2228 64
1309 2170 1372 2247 ss).

809 2812 972 2883 CAPUT
1002 2812 1067 2883 III.

353 2988 410 3067 De
441 2987 632 3066 Proenae
662 2993 704 3065 et
729 2986 1001 3082 Philomelae,
1032 2986 1394 3085 Argonautarum,
1427 2986 1527 3064 ille:

352 3132 470 3225 deae,
492 3128 660 3225 Thesei,
682 3129 856 3208 Daedali
876 3130 1033 3209 tabulis
1056 3130 1109 3209 ab
1131 3129 1280 3207 Ouidio
1301 3130 1524 3207 tractatis.

457 3363 532 3426 Met.
548 3362 598 3426 VI
622 3362 797 3425 ela-674
821 3359 953 3424 lividius
978 3361 1119 3424 l'abularn
1145 3361 1183 3423 de
1211 3362 1350 3424 Procne
1376 3368 1410 3424 et
1434 3361 1527 3423 Phi-

352 3470 487 3533 lomela
522 3468 689 3532 uberrimis
724 3466 879 3530 coloribus
916 3476 1100 3531 exornatam
1138 3476 1278 3531 conserte
1314 3474 1528 3553 contexteque

350 3582 467 3639 narrat.
491 3577 597 3661 Atque
615 3575 764 3660 quoniam
777 3575 912 3659 primurn
929 3576 1052 3637 exsistit
1067 3575 1218 3657 quaestio,
1236 3594 1391 3658 quaenam
1409 3574 1528 3638 (lvidie

351 3703 421 3745 eum
453 3680 616 3768 Sophoclis
640 3682 740 3744 Tereo
770 3681 932 3766 tragoedia
965 3682 1141 3744 communia
1176 3682 1247 3764 sint,
1272 3679 1312 3742 de
1343 3681 1436 3743 huius
1461 3693 1528 3743 tra-

349 3788 481 3873 goediae
504 3798 690 3874 argumento
714 3789 906 3852 restituendo
930 3810 1024 3874 quam
1049 3787 1231 3850 brevissime
1255 3809 1356 3873 agam.

455 3897 506 3959 Ex
522 3898 706 3982 fragmentis
720 3896 810 3959 nohis
823 3897 954 3959 servatis
971 3901 1064 3981 atque
1077 3916 1118 3958 ex
1130 3896 1309 3957 Aristotelis
1325 3894 1413 3957 Poet.
1425 3915 1450 3956 e.
1471 3895 1526 3979 16,

348 4025 378 4088 p.
397 4004 515 4067 1454b
532 4005 584 4086 36,
599 4025 640 4067 ex
655 4003 876 4086 Aristophanis
900 4023 949 4065 av.
971 4026 997 4066 v.
1017 4002 1078 4065 106
1092 4026 1114 4064 s.
1136 4001 1190 4081 (ad
1205 4022 1298 4087 quern
1315 4000 1520 4064 scholiastam

350 4111 474 4191 audias)
498 4117 529 4173 et
552 4114 615 4175 203
640 4109 887 4174 concludendum
913 4119 975 4173 est:
1042 4109 1044 4113 ’

457 4221 484 4281 1,
509 4240 575 4280 rem
599 4219 631 4280 in
654 4217 788 4281 Thracia
818 4223 939 4301 gestam
962 4237 1029 4278 csse
1053 4215 1252 4301 Tereurnque
1276 4237 1343 4277 esse
1367 4214 1527 4279 Thracem

510 4324 620 4410 (Soph.
637 4323 729 4409 frgm.
748 4325 837 4406 523).
850 4324 871 4404 ¹)

458 4466 477 4533 ¹)
496 4465 618 4533 Pugnare
637 4464 740 4519 videtur
762 4472 854 4518 contra
878 4465 1037 4533 Sophoclem
1061 4465 1228 4534 Thucydides
1248 4466 1272 4517 ll
1293 4469 1334 4531 29,
1359 4465 1403 4531 qui
1428 4465 1528 4519 statuit

350 4557 462 4608 Tereum
481 4554 625 4608 Pandionis
643 4571 767 4622 generum
786 4571 838 4607 non
859 4557 884 4607 in
904 4556 1027 4622 Thracia,
1047 4553 1093 4607 sed
1113 4554 1226 4607 Daulide
1251 4558 1276 4607 in
1301 4555 1365 4607 urbe
1389 4553 1528 4609 Phocaica

349 4647 411 4700 olim
431 4662 446 4699 a
466 4645 612 4698 Thracibus
631 4644 749 4697 habitata
768 4644 857 4697 sedem
876 4644 1007 4699 halnrisse.
