3750 5592
871 582 1090 644 *14-

503 776 566 839 Sed
597 798 677 863 quae
705 775 847 862 Vergilio
878 777 981 861 debet,
1013 785 1190 841 accuratum
1218 786 1250 841 et
1278 778 1392 841 subtile
1415 776 1568 841 Aeneidis

395 891 614 968 argumentum
639 906 707 948 esse
730 907 787 971 per
811 907 843 948 so
868 907 931 949 non
955 887 1204 971 exspectaveris:
1240 888 1335 949 immo
1365 892 1473 949 contra
1502 905 1568 949 oar·

394 991 486 1053 minis
518 992 601 1054 illius
632 991 728 1055 libros
757 995 800 1056 ita
823 992 864 1056 ad
893 1015 983 1056 usum
1015 1015 1105 1056 suurn
1133 993 1389 1077 accommodavit,
1418 1000 1453 1057 ut
1475 991 1568 1056 modo

394 1118 444 1159 res
459 1098 589 1162 obscure
604 1100 803 1184 significaret,
817 1100 909 1164 modo
923 1101 1047 1164 fabulas
1060 1108 1114 1163 aut
1126 1101 1231 1165 verbis
1246 1100 1420 1186 aVergilio
1435 1100 1568 1184 receptis

395 1212 449 1268 aut
480 1205 650 1269 luminibus
679 1229 720 1270 ex
744 1229 799 1270 suo
829 1210 955 1291 iugenio
983 1209 1033 1271 vel
1066 1208 1192 1271 aliunde
1223 1208 1356 1292 sumptis
1387 1208 1568 1289 illustraret,

394 1313 486 1377 modo
517 1335 598 1399 quae
631 1314 735 1377 minus
773 1314 937 1379 commoda
977 1318 1003 1378 ei
1035 1314 1235 1398 viderentur,
1277 1317 1371 1401 plane
1401 1317 1567 1378 omitteret.

394 1418 439 1482 At
467 1420 550 1506 quod
581 1422 750 1485 tenendum
779 1429 835 1503 est,
874 1424 905 1485 in
933 1424 1117 1487 universum
1148 1424 1259 1486 saltem
1289 1443 1395 1485 rerum
1425 1419 1569 1485 ordinem

396 1531 533 1593 servavit
556 1549 659 1615 neque
683 1531 715 1592 in
738 1530 937 1614 gravioribus
962 1530 1000 1594 ab
1021 1536 1147 1594 auctore
1171 1529 1313 1593 discessit
1336 1537 1568 1615 praeterquam,

396 1635 480 1720 quod
505 1639 651 1721 temporis
675 1636 817 1700 ordinem
844 1639 990 1719 restituit,
1020 1659 1114 1724 quem
1136 1637 1309 1723 Vergilius,
1333 1658 1403 1701 cum
1426 1636 1569 1700 Aeneam

285 1748 288 1753 '
395 1764 445 1805 res
462 1743 501 1806 ab
527 1743 579 1807 illo
596 1752 700 1829 gestas
717 1753 895 1808 narrantem
914 1745 1042 1828 faceret,
1067 1752 1134 1809 arte
1157 1747 1350 1831 consilioque
1373 1743 1567 1811 turbaverat.

502 1941 542 2003 In
564 1942 672 2025 paucis
696 1942 744 2003 his
768 1942 921 2027 capitibus
937 1942 1151 2006 demonstrare
1174 1942 1252 2005 mihi
1275 1942 1435 2027 proposui,
1460 1938 1569 2004 Ovidi-

395 2046 492 2129 dium,
517 2068 587 2110 cum
610 2048 891 2133 Metamorphoseis
907 2054 1118 2135 componeret,
1142 2049 1362 2135 compendium
1386 2047 1567 2111 adhibuisse

395 2155 640 2239 mythologicum
656 2154 843 2241 Apollodori
866 2155 1075 2220 bibliothecae
1100 2157 1303 2219 simillimum.
1337 2155 1452 2242 Neque
1476 2157 1568 2219 aliter

396 2269 521 2345 poetam
545 2263 577 2325 in
599 2264 730 2347 reliquis
753 2263 842 2326 libris
866 2271 961 2349 atque
985 2266 1017 2328 in
1040 2263 1129 2327 XIII
1149 2270 1181 2327 ct
1199 2263 1283 2327 XIV
1307 2284 1373 2326 rem
1397 2262 1569 2326 instituisse

396 2368 473 2430 mihi
502 2373 658 2454 persuasI,
690 2372 807 2434 scilicet
836 2394 877 2434 ex
905 2372 1034 2435 historia
1066 2372 1204 2434 fabulari
1237 2373 1432 2434 continentes
1462 2376 1568 2455 partes

397 2496 469 2537 eum
492 2478 657 2561 accepisse,
682 2499 760 2563 quas
784 2478 933 2541 aedificiis
958 2480 1021 2541 suis
1046 2478 1249 2542 substrueret.

501 2582 646 2669 Apparet
669 2586 797 2648 maximi
823 2607 890 2647 esse
914 2587 1073 2669 momenti,
1097 2594 1132 2648 ut
1162 2586 1377 2671 compositioni
1398 2585 1568 2648 Metamor-

396 2690 535 2775 phoseon
563 2694 702 2754 animum
725 2692 922 2755 attendamus
948 2713 1041 2778 quam
1066 2691 1313 2777 diligentissime.
1351 2691 1467 2755 Aulaei
1490 2690 1567 2755 Ovi-

396 2796 482 2860 diani
506 2799 641 2883 primum
665 2798 877 2863 discernamus
902 2822 1027 2863 necesse
1044 2807 1091 2863 est
1106 2801 1195 2882 telas,
1219 2800 1249 2863 h.
1264 2822 1290 2863 e.
1306 2800 1481 2885 compendii
1498 2821 1566 2884 my·

396 2905 543 2990 tholegici
578 2906 713 2988 fabulas,
744 2917 810 2971 tum
840 2907 1067 2995 quaerendum,
1097 2927 1178 2992 qnae
1210 2908 1281 2970 licia
1311 2908 1381 2970 telis
1412 2904 1569 2969 addiderit

396 3033 540 3097 quaeque
564 3022 746 3078 ornamenta
770 3016 809 3077 de
824 3037 879 3078 suo
895 3016 1084 3080 intexuerit..
1101 3013 1185 3077 Nam
1199 3013 1334 3099 demptis
1348 3014 1397 3096 iis,
1413 3034 1494 3098 quae
1510 3013 1568 3075 ali-

396 3120 480 3184 unde
508 3119 692 3206 deprompta
721 3128 802 3204 sunt,
831 3122 976 3207 cognosci
1005 3120 1132 3184 demum
1154 3129 1270 3207 potest,
1302 3143 1378 3184 num
1408 3141 1444 3184 eo
1475 3119 1568 3183 modo

397 3227 534 3309 fabulae,
560 3249 640 3310 quae
663 3235 792 3311 restant,
816 3229 1013 3308 cohaereant,
1037 3235 1072 3291 ut
1088 3228 1128 3290 ad
1147 3227 1366 3314 compendium
1382 3227 1569 3290 referendae

397 3336 467 3398 sint.
505 3334 612 3420 Atque
635 3335 865 3420 Vollgraffium,
876 3334 913 3409 14’)
937 3337 991 3419 qui
1015 3355 1116 3419 nuper
1140 3335 1272 3398 eandem
1297 3336 1512 3420 quaestionem
1530 3333 1568 3397 dc

398 3441 533 3505 fabulari
559 3442 639 3505 libro
663 3442 702 3505 ab
727 3442 840 3506 Ovidio
865 3440 1006 3505 adhibito
1030 3443 1117 3525 adiit,
1147 3443 1228 3505 hanc
1250 3443 1418 3527 praecipuo
1441 3447 1570 3526 propter

397 3570 463 3611 rem
486 3570 599 3633 parum
622 3550 793 3634 profecisse
817 3551 973 3632 existimo,
999 3549 1083 3632 quod
1107 3550 1199 3612 nimis
1223 3552 1255 3612 in
1279 3549 1419 3633 singulas
1443 3548 1568 3611 fabulas

397 3656 568 3741 inquisivit,
593 3663 772 3720 contextum
796 3664 901 3720 autem
925 3656 1106 3720 fabularum
1130 3656 1305 3743 quibusque
1329 3656 1462 3720 vinculis
1487 3656 1568 3717 inter

397 3785 431 3827 se
453 3764 641 3828 cohaereant
662 3786 780 3850 parurn
797 3765 948 3849 respexit.
1505 3753 1507 3756 ⁵

506 4654 538 4724 ¹⁴)
558 4655 598 4707 Dc
618 4654 695 4707 Ovidi
715 4654 901 4725 mythopoeia3
925 4655 996 4710 Diss,
1016 4656 1103 4710 Berol.
1120 4657 1195 4709 1901.
