3750 5592
830 663 872 671 .,
919 626 960 687 22
1009 664 1050 670 ..

354 824 476 903 stitisse,
501 823 556 886 sed
580 843 651 886 cum
676 823 829 887 similibus
861 824 1058 886 coniunctam
1091 822 1186 886 fuisse
1210 822 1401 888 bibliotheca
1426 824 1525 908 docet,

353 931 386 993 in
416 951 479 1014 qua
509 951 614 994 rorum
644 937 807 994 contextus
841 930 892 993 hio
923 936 983 994 cst:
1019 931 1036 1013 ξ
1062 932 1104 993 33
1138 932 1276 994 breviter
1309 931 1527 995 deseribuntur

353 1037 468 1101 Bacchi
493 1039 606 1101 itinera
630 1038 662 1100 in
684 1036 832 1124 Aegypto
857 1038 951 1124 Syria
973 1037 1117 1124 Phrygia
1141 1037 1233 1102 facta.
1263 1038 1387 1101 Deinde
1413 1040 1527 1123 legitur

353 1144 512 1209 Bacchum
542 1165 599 1229 per
623 1143 788 1207 Thraciam
819 1145 1005 1230 profectum,
1036 1145 1090 1207 ubi
1122 1144 1305 1231 ‘Lycurgum
1337 1147 1472 1230 primum
1497 1148 1527 1207 in

353 1273 386 1315 sc
402 1253 532 1337 impium
549 1251 620 1333 (342
642 1253 826 1337 Λυκοῦργος
837 1251 891 1313 δὲ.
908 1302 914 1314 .
932 1302 937 1314 .
954 1258 1081 1338 πρῶτος
1096 1251 1233 1338 ὑβρίσας
1253 1252 1399 1335 ἐξέβαλεν
1417 1251 1525 1332 riberie)

352 1360 512 1443 puniverit
529 1359 585 1440 (34
598 1360 648 1441 a),
672 1359 797 1423 Thebas
813 1359 937 1423 venisse
962 1359 1068 1444 ibique
1084 1359 1261 1422 Pentheum
1277 1366 1524 1444 contemptorem

353 1469 521 1551 castigasse
553 1467 632 1549 (36).
696 1466 776 1529 Inde
811 1466 917 1551 Argos
955 1466 1012 1530 iter
1050 1468 1255 1550 convertisse,
1290 1466 1345 1529 ubi
1383 1467 1526 1549 feminas,

353 1596 423 1637 cum
462 1574 522 1637 sibi
554 1575 655 1637 cultus
690 1596 752 1637 non
786 1575 921 1637 tributus
953 1576 1006 1655 sit,
1041 1595 1171 1637 vesanas
1208 1574 1389 1637 reddiderit.
1445 1574 1527 1636 Turn

352 1689 457 1745 autem
492 1703 511 1744 a
545 1684 655 1765 piratis
691 1684 859 1768 impietatis
896 1702 1031 1766 poenam
1066 1682 1235 1765 sumpsisse
1272 1681 1351 1762 (37).
1406 1680 1527 1754 Quibus

353 1789 449 1873 igitur
472 1789 572 1872 factis,
598 1810 668 1851 cum
691 1789 832 1851 homines
856 1789 1072 1852 intellexerint
1094 1809 1206 1852 revera
1228 1790 1315 1852 illum
1336 1810 1403 1851 csse
1424 1788 1526 1870 deum,

352 1917 422 1960 cum
451 1904 552 1960 matre
583 1918 624 1960 ex
652 1897 761 1959 inferis
790 1898 937 1959 arcessita
970 1895 1101 1959 deorum
1134 1895 1269 1979 deniquo
1299 1896 1456 1960 domicilia
1481 1897 1527 1959 in-

351 2011 451 2067 trasse
477 2004 556 2086 (38).
1403 2086 1406 2092 ¹

458 2110 620 2174 Tractavit
635 2113 730 2195 igitur
745 2109 921 2195 compendii
946 2118 1053 2172 auctor
1070 2108 1272 2195 ὑβρίσαντας,
1288 2117 1323 2174 ut
1337 2110 1411 2173 dicit
1426 2109 1526 2193 Apol-

351 2217 480 2282 lodorus
500 2216 517 2298 5
536 2218 587 2299 34,
613 2238 689 2301 erga
712 2217 881 2298 Bacchum,
907 2237 1002 2301 quom
1025 2224 1130 2280 tamen
1154 2217 1195 2281 ad
1219 2225 1395 2280 extremum
1420 2239 1527 2279 omnes

351 2312 561 2410 agnovissent.
609 2324 706 2393 Hune
733 2346 839 2387 rerum
867 2331 1051 2387 contextum
1074 2323 1208 2386 Ovidius
1238 2325 1428 2405 obscuravit,
1457 2346 1527 2387 eum

352 2430 391 2494 de
414 2431 530 2495 Bacchi
554 2430 712 2494 erroribus
737 2438 767 2494 ot
791 2431 830 2495 de
844 2431 993 2516 Lycurgo
1017 2437 1149 2515 taceret3
1175 2433 1287 2516 selegit
1310 2453 1429 2495 memor
1453 2453 1523 2517 pro-

351 2539 443 2625 positi
457 2537 634 2602 Pentheum
649 2546 770 2601 tantum
787 2546 818 2602 ct
837 2538 1028 2624 Tyrrhenos,
1044 2539 1159 2622 quibus
1176 2542 1363 2624 aggregavit
1379 2561 1420 2601 ex
1437 2540 1524 2602 fonte

350 2645 474 2710 diverso
498 2645 699 2731 depromptas
722 2645 899 2732 Minyades,
924 2666 1005 2730 quae
1031 2646 1166 2710 lanificio
1191 2647 1411 2731 intempestivo
1427 2645 1524 2708 deum

351 2755 517 2817 laeserunt.
576 2754 747 2817 Praeterea
783 2758 888 2817 autom
925 2756 1057 2840 reperiri
1096 2775 1187 2839 posse
1221 2754 1371 2837 vestigia,
1410 2754 1524 2836 quibus

350 2869 505 2946 appareat
528 2859 643 2925 Ovidio
667 2860 799 2924 candem
830 2882 936 2924 rerum
970 2864 1083 2925 scriem
1114 2861 1270 2946 cognitam
1294 2860 1402 2943 fuisse,
1432 2859 1526 2923 valde

351 2967 484 3032 confido.

459 3074 592 3139 Penthei
627 3077 710 3138 enim
747 3074 856 3138 tabula
890 3073 1047 3139 Ovidiana
1081 3076 1268 3139 terminatur
1300 3074 1443 3137 versibus
1478 3075 1526 3137 his

355 3181 423 3264 (ΙΙΙ
448 3183 511 3245 732
525 3182 577 3264 0.);

467 3289 600 3371 „talibus
623 3291 779 3376 exemplis
802 3289 940 3353 monitae
964 3310 1046 3353 nova
1069 3310 1158 3353 sacra
1182 3289 1384 3375 frequentant

458 3403 593 3482 turaque
617 3395 693 3460 dant
716 3404 901 3483 sanctasque
925 3399 1031 3461 colunt
1053 3396 1229 3461 Ismenides
1254 3394 1355 3459 aras.“

459 3503 675 3566 Offensioncm
706 3504 860 3588 praebent
889 3504 968 3567 haec
997 3504 1104 3585 verba,
1136 3506 1160 3566 si
1193 3524 1312 3566 memor
1344 3523 1376 3565 es
1407 3524 1526 3585 eorum,

349 3631 432 3697 quac
457 3611 490 3673 in
519 3612 607 3673 initio
636 3613 822 3674 narrationis
847 3611 1012 3696 leguntur:
1050 3613 1165 3674 etenim
1195 3616 1278 3673 totae
1303 3608 1442 3693 Thebae,
1466 3610 1528 3673 viri

348 3726 380 3781 et
410 3718 573 3801 mulieres,
610 3718 739 3780 invenes
773 3724 804 3781 ct
839 3739 944 3801 senes,
979 3739 1123 3804 proceres
1159 3725 1190 3781 et
1225 3719 1339 3802 vulgus
1374 3717 1528 3780 Liberum

348 3824 569 3889 advenientem
605 3827 712 3888 sectati
752 3832 842 3887 erant
875 3826 954 3907 (528
979 3826 1044 3908 ss).
1090 3824 1136 3888 At
1166 3828 1232 3888 sinc
1256 3824 1352 3887 dubio
1382 3824 1525 3906 Ovidius,

349 3940 383 3996 ut
416 3934 557 3996 convicia
584 3931 718 3996 Penthei
749 3933 924 3996 cumularet
955 3941 985 3997 ct
1016 3940 1198 4014 exornaret,
1231 3934 1297 4016 ipso
1327 3931 1405 3994 haec
1435 3951 1527 3993 exco-

352 4040 473 4125 gitavit.
521 4039 605 4103 Nam
633 4040 832 4103 consentiunt
860 4040 1031 4126 Euripides
1057 4039 1185 4122 (Bacch.¹
1206 4041 1246 4102 32
1264 4040 1318 4121 ss.)
1343 4046 1374 4102 et
1397 4038 1528 4123 Apollo-

350 4147 445 4210 dorus
483 4147 552 4228 (ΙΙΙ
591 4148 645 4230 36)
704 4147 863 4210 Bacchum
901 4147 1124 4212 Thebanorum
1166 4147 1314 4209 mulieres
1354 4147 1527 4229 coegisse

347 4254 494 4317 bacchari
525 4255 559 4316 in
591 4252 790 4338 Cithaerone,
827 4261 922 4339 atque
955 4254 1070 4317 diserte
1102 4253 1176 4317 dicit
1207 4256 1273 4339 ipse
1303 4253 1464 4338 Dionysus
1495 4254 1527 4313 in

350 4359 532 4446 tragoediae
555 4361 697 4446 prologo,
721 4360 840 4424 hocca
864 4360 903 4424 de
927 4383 962 4424 re
986 4359 1104 4424 factum
1129 4381 1206 4443 0000,
1232 4359 1316 4443 quod
1339 4365 1527 4422 materterae

349 4470 517 4532 ementitae
542 4474 656 4552 essent,
682 4489 754 4531 cum
777 4489 841 4531 non
864 4467 965 4551 Jovis,
991 4468 1046 4531 sed
1069 4470 1210 4531 mortalis
1242 4467 1403 4531 cuiusdam
1427 4466 1527 4528 filium

347 4596 415 4639 essa
439 4574 568 4658 (1100010.
590 4577 630 4638 26
651 4597 706 4660 00,
730 4576 772 4640 of.
793 4575 878 4661 Apd.
900 4575 956 4639 ΠΙ
981 4577 1052 4659 21),
1085 4575 1235 4659 additque
1260 4574 1385 4637 Thebas
1416 4572 1527 4636 urbem

345 4682 431 4749 haud
466 4684 594 4773 impuno
630 4684 803 4766 abituram,
842 4683 927 4771 quod
961 4704 994 4746 00
1031 4684 1058 4746 oi
1090 4705 1152 4746 000
1194 4680 1360 4747 addixerat
1395 4680 1450 4762 (39
1475 4680 1525 4764 0.).
