3750 5592
826 593 1045 655 *⁸24-

349 794 498 851 traclatae
523 803 621 869 erunt,
646 795 680 850 ut
703 787 846 870 Penthei⁷
879 787 1026 850 Herculis
1051 790 1158 850 lletaei
1186 788 1250 869 (lx
1278 789 1339 849 134
1364 789 1429 870 ss),
1456 788 1522 850 He-

349 894 447 958 cubae
471 895 573 975 (XIII
597 896 661 957 429
686 896 752 977 ss),
775 895 884 957 Persei
910 908 941 957 et
962 893 1186 957 Andromedae
1210 894 1272 972 (IV
1289 896 1351 957 663
1368 895 1431 975 ss),
1456 893 1522 956 Me·

350 1004 447 1085 leagri
479 1001 580 1083 (VIII
604 1003 668 1065 270
689 1003 753 1084 ss),
787 1002 912 1065 Pronae
936 1008 967 1064 et
990 1002 1187 1065 Philomelae
1212 1000 1275 1082 (Vl
1300 1003 1363 1064 422
1390 1003 1443 1084 ss.)
1474 1001 1522 1063 fa·

348 1108 448 1172 bulas.
481 1109 561 1172 Oum
585 1108 667 1171 onim
693 1108 766 1171 illae
790 1116 821 1171 et
845 1110 877 1171 in
903 1109 1084 1171 universum
1107 1129 1178 1170 cum
1201 1103 1371 1193 tragoediis
1394 1129 1523 1171 consen-

350 1215 453 1297 tirent,
487 1221 518 1278 et
548 1223 713 1300 praeterea
742 1215 793 1278 hic
824 1223 854 1278 et
891 1216 954 1277 illic
986 1215 1154 1279 vorborum
1185 1235 1354 1278 consensus
1391 1221 1522 1300 pateret,

349 1328 526 1385 statuerunt
548 1323 609 1385 viri
633 1321 713 1385 docti
734 1322 894 1401 Ovidium,
919 1342 990 1384 cum
1013 1322 1294 1406 metamorphoseis
1313 1330 1521 1407 componeret,

353 1429 508 1510 „Graecos
531 1429 666 1514 tragicos
690 1436 721 1492 et
744 1450 797 1492 eos
821 1430 1009 1492 clarissimos
1038 1435 1092 1491 aut
1116 1429 1292 1513 inspexisse
1317 1444 1371 1491 aut
1395 1451 1435 1491 ex
1459 1450 1522 1491 me·

348 1536 448 1599 moria
477 1535 676 1599 adhibuisset
718 1536 821 1617 (Gust.
846 1535 980 1618 Plaehn,
1005 1536 1044 1598 de
1067 1535 1230 1598 Nicandro
1261 1536 1395 1621 aliisque
1424 1537 1523 1620 poetis

349 1643 478 1707 Graecis
502 1644 542 1707 ab
566 1642 680 1706 (lvidie
706 1695 712 1705 .
740 1694 746 1707 .
774 1695 779 1706 .
805 1643 965 1706 adhibitis.
992 1643 1066 1705 llal.
1087 1644 1180 1725 1882,
1205 1664 1235 1727 p.
1256 1643 1331 1724 la).

455 1750 500 1813 At
526 1750 741 1836 quaerendum
770 1762 825 1833 est,
856 1758 963 1812 utrum
994 1750 1124 1812 lividius
1157 1753 1238 1835 ipsas
1269 1750 1448 1835 tragoedias
1482 1752 1522 1813 le-

348 1860 431 1943 gerit
463 1878 503 1920 an
535 1859 639 1942 potius
674 1859 818 1943 epitomis
851 1879 926 1920 usus
960 1859 1008 1920 sit.
1066 1857 1196 1920 Constat
1230 1859 1312 1920 enim
1348 1858 1523 1942 compendii

349 1972 508 2028 auctorem
534 1988 571 2047 „e
596 1968 692 2029 variis
721 1967 858 2028 cuiusvis
886 1964 1015 2027 fabulae
1047 1965 1154 2027 formis
1179 1985 1248 2026 <ram
1272 1966 1405 2048 elegisse
1430 1986 1522 2050 quam

349 2074 429 2136 inter
446 2075 593 2158 aequales
612 2074 805 2136 notissimam
822 2093 890 2134 esse
905 2073 1023 2136 scivit.“
1053 2072 1178 2153 (Bethe,
1204 2074 1223 2135 l.
1241 2074 1259 2134 l.
1278 2095 1307 2157 p.
1327 2074 1391 2154 95).
1418 2073 1522 2144 Quare

349 2180 433 2265 apud
471 2179 702 2265 Apollodorum
741 2178 908 2264 Hyginum
941 2179 1080 2263 aliosque
1113 2179 1359 2264 mythographos
1394 2179 1523 2259 easdem

350 2288 417 2350 fere
447 2286 575 2349 fabulae
604 2287 643 2349 do
668 2287 811 2368 Hecuba,
843 2286 984 2349 Hercule
1008 2290 1136 2368 Oetaeo,
1168 2286 1290 2368 Medea,
1320 2285 1431 2368 Tereo,
1456 2285 1522 2348 Me-

349 2396 465 2478 leagro,
489 2394 606 2457 Perseo
630 2401 661 2457 et
684 2393 887 2456 Andromeda
912 2408 969 2456 etc.
993 2394 1203 2474 inveniuntur,
1229 2415 1306 2478 quas
1331 2395 1379 2456 Vel
1407 2416 1447 2455 ox
1465 2393 1521 2456 So-

347 2499 468 2585 phoclis
492 2507 523 2562 et
537 2500 699 2585 Euripidis
724 2501 894 2585 tragoediis
918 2504 1050 2564 servatis
1074 2501 1215 2585 cognitas
1238 2500 1389 2562 habemus
1415 2502 1463 2564 vel
1483 2522 1523 2563 ex

350 2606 586 2693 deperditarum
609 2608 795 2693 fragmentis
819 2608 985 2671 restituere
1009 2628 1185 2691 possumus.
1226 2608 1294 2669 Nec
1318 2607 1357 2669 de
1380 2606 1522 2669 Pentheo

349 2715 434 2799 apud
449 2715 676 2800 Apollodorum
702 2714 788 2777 aliud
814 2715 928 2799 legitur
951 2714 1018 2795 (lll
1038 2716 1103 2795 36),
1129 2735 1222 2798 quam
1248 2714 1331 2798 quod
1358 2713 1523 2798 [hrripides

349 2822 381 2884 in
405 2823 536 2885 Bacchis
561 2824 716 2886 tractavit.

457 2929 518 3003 Qui
543 2931 638 3014 igitur·
663 2930 701 2992 do
725 2930 896 3014 tragoediis
921 2930 961 2992 ab
986 2929 1099 2993 Ouidio
1129 2929 1277 2991 adhibitis
1309 2931 1523 3013 ‹praestiouem

349 3037 408 3099 sibi
433 3035 656 3099 instituendam
680 3039 887 3120 proposuerit,
912 3043 1077 3099 contentus
1102 3057 1164 3098 non
1188 3037 1227 3099 sit
1251 3035 1415 3098 ostendere
1440 3045 1523 3097 utro·

348 3143 444 3228 bique
461 3166 510 3206 ros
527 3165 594 3206 esse
611 3144 745 3225 easdem,
764 3144 819 3205 sed
835 3143 947 3206 afferat
965 3149 1122 3206 certorum
1138 3143 1307 3206 verborum
1325 3164 1520 3204 consensum.

347 3250 461 3335 Neque
485 3255 551 3312 tum
574 3251 772 3334 exploratum
797 3253 856 3311 erit
879 3250 983 3313 (lvidii
1011 3250 1127 3312 fontem
1153 3251 1250 3312 solam
1277 3250 1373 3311 fuisse
1399 3263 1521 3331 tragoe-

348 3356 449 3440 diam3
485 3377 588 3419 nonne
618 3359 701 3419 enim
732 3356 835 3440 potius
865 3370 959 3441 poeta
990 3357 1028 3419 do
1062 3355 1297 3442 tragoediarum
1330 3357 1523 3439 argumentis

348 3462 568 3549 compendium
599 3463 678 3525 illud
708 3464 872 3546 consuluit,
905 3464 987 3526 unde
1012 3466 1106 3526 etiam
1136 3464 1315 3527 fabularum
1343 3475 1523 3526 contextum

349 3573 477 3656 accepit,
510 3574 608 3656 ipsam
632 3578 737 3633 autem
761 3570 957 3653 tragoediam
980 3569 1021 3633 ad
1044 3572 1169 3654 singula
1192 3570 1366 3634 excolenda
1390 3570 1522 3633 ascivit?

349 3677 440 3751 Quod
464 3677 593 3760 quidem
616 3678 649 3739 in
672 3678 814 3740 Pentheo
839 3676 988 3740 Ovidium
1013 3678 1124 3741 fecisse
1148 3677 1240 3741 valde
1265 3677 1408 3739 arbitror.

455 3784 606 3847 Similiter
622 3786 706 3846 enim
722 3792 855 3869 uterque
870 3791 963 3868 poeta
975 3783 1153 3847 Pentheum
1170 3784 1290 3846 inducit
1307 3785 1383 3846 inani
1400 3785 1431 3845 in
1447 3784 1523 3845 licte-

348 3891 441 3954 chum
457 3897 489 3953 et
507 3891 560 3976 qui
576 3887 817 3976 eum'proseeuti
833 3897 906 3953 sunt
922 3890 1136 3954 effundentem
1153 3890 1280 3971 (Bacch.
1298 3891 1361 3953 215
1377 3912 1431 3971 ss.;
1450 3903 1522 3951 met.

349 3999 403 4061 ΠΙ
428 3999 489 4061 531
509 3998 580 4079 ss.):
606 3998 766 4061 Bacchum
791 3998 871 4061 falso
888 4020 920 4060 se
937 3998 1027 4060 lovis
1052 4020 1119 4060 esse
1142 3998 1243 4060 filium
1265 3999 1379 4059 iactare
1395 3996 1522 4076 (llaceh.

348 4106 412 4167 243
435 4128 490 4187 ss.3
515 4114 588 4169 met.
607 4106 695 4187 558),
728 4106 805 4190 quin
829 4106 922 4168 etiam
947 4105 1219 4190 [inaestigiatorem
1243 4125 1429 4187 samagam
1452 4125 1524 4165 eum

348 4233 415 4275 esse
439 4211 566 4292 (Bacch.
592 4212 655 4274 233
680 4235 735 4293 ss.;
769 4220 842 4275 met.
868 4213 932 4273 534
967 4214 1125 4296 „magicae
1159 4212 1333 4292 fraudesl),
1368 4213 1418 4295 qui
1453 4232 1522 4272 curn

352 4423 497 4507 „obsceni
515 4426 673 4510 greges“).
699 4426 779 4490 Cum
804 4433 908 4488 autem
933 4426 1017 4509 apud
1042 4426 1228 4511 Euripidem
1252 4446 1373 4486 sunmm
1392 4423 1523 4486 l'enthei

347 4532 496 4596 orationis
526 4534 574 4595 his
606 4534 637 4596 in
668 4532 939 4620 objurgationibus
971 4535 1073 4618 posita
1103 4535 1152 4615 sit,
1183 4532 1316 4596 Ovidius
1345 4531 1523 4593 Pentheum

347 4638 380 4712 id
410 4641 547 4712 maxime
580 4641 759 4735 vituperare
793 4639 878 4731 facit,
912 4637 1166 4733 indignissimum
1198 4660 1265 4701 esse
1299 4638 1382 4728 quod
1416 4658 1522 4701 omnes
