3750 5592
861 642 1078 704 --54-

380 850 411 907 et
438 849 532 929 poeta
562 842 784 925 expilaverunt
815 840 939 903 doctum
971 860 1046 902 sane
1075 844 1105 901 et
1129 840 1305 924 copiosum,
1341 836 1554 925 Apollodorus

380 950 555 1013 illustriora
577 950 704 1011 nomina
728 947 840 1032 selegit
863 952 988 1032 praeter
1005 945 1193 1010 Thestiadae
1217 945 1433 1030 duodeviginti
1458 968 1555 1010 vena·

379 1065 462 1121 tores
492 1077 689 1137 enumerans,
723 1056 828 1140 plures
858 1054 990 1139 praebet
1020 1052 1181 1139 Hyginus,
1214 1055 1301 1118 cuius
1331 1053 1464 1117 indicem
1489 1075 1554 1117 uon

380 1167 537 1249 integrum
561 1163 650 1227 nobis
675 1169 833 1225 servatum
857 1183 925 1223 esse
949 1157 1046 1226 valde
1068 1161 1237 1224 dolendum
1262 1167 1308 1224 est
1328 1161 1556 1246 (undetriginta

379 1269 414 1339 ÷
428 1271 548 1336 Thestii
571 1271 653 1335 filios
679 1267 710 1337 l·
726 1270 824 1333 Parth
846 1320 851 1331 .
873 1321 879 1333 .
902 1270 953 1352 .),
989 1269 1141 1353 plurimos
1165 1290 1241 1333 vero
1265 1268 1397 1332 Ovidius
1423 1267 1555 1350 (duodo-

380 1378 587 1465 quadraginta
605 1375 639 1444 ·l·
654 1377 882 1463 Hippocoontis
896 1377 978 1440 lilios
995 1376 1222 1460 [Enaesimum
1238 1398 1268 1439 v.
1284 1376 1386 1461 3d2ll,
1401 1379 1453 1461 qui
1468 1375 1555 1439 haud

380 1486 419 1550 dc
442 1506 498 1549 suo
526 1483 648 1549 addidit
678 1485 826 1548 obscuros
859 1483 928 1547 illos
959 1484 1069 1547 heroes
1097 1482 1319 1569 rarissimoque
1349 1485 1443 1547 lectos
1468 1484 1555 1547 velut

379 1594 539 1677 Acastum,
548 1591 574 1675 9)
598 1592 758 1677 Lelegum,
783 1590 980 1677 Panopeum,
1005 1591 1157 1676 Hyloum.

486 1701 559 1764 Jarn
594 1699 669 1785 quid
705 1699 744 1763 dc
779 1698 893 1763 Ovidio
928 1698 1092 1784 Sophoclis
1125 1698 1365 1762 Trachiniarum
1401 1700 1554 1762 imitatore

380 1807 579 1871 statuendum
604 1809 643 1870 sit
667 1806 841 1871 videamus.

487 1914 535 1979 Ae
562 1917 697 2000 primunr
727 1914 930 1977 observamus
960 1912 1120 1976 Nasonem
1154 1914 1343 1977 lineamenta
1373 1914 1554 1998 tragoediae

378 2022 464 2086 haud
489 2022 657 2106 diligenter
686 2043 837 2086 servasse.
885 2020 971 2107 Apte
999 2020 1128 2105 quidem
1158 2022 1239 2084 inter
1269 2042 1302 2084 se
1335 2028 1555 2107 comparentur

379 2138 452 2193 met.
478 2130 529 2193 IX
563 2131 623 2193 136
656 2135 687 2192 et
717 2127 828 2192 Trach.
856 2130 918 2192 237
950 2148 972 2191 s.
1006 2126 1060 2209 (cf.
1087 2128 1177 2192 Ehw.
1200 2128 1240 2191 ad
1264 2152 1294 2193 v.
1321 2129 1408 2211 137),
1440 2129 1555 2214 quibus

378 2238 498 2323 paritor
514 2236 686 2300 Herculem
710 2238 742 2298 in
757 2236 881 2298 Cenaeo
904 2237 1123 2321 promunturio
1149 2257 1236 2299 sacra
1261 2236 1372 2299 fecisse
1393 2241 1554 2320 narratur,

380 2341 551 2409 tenendum
566 2350 669 2407 tamen
687 2349 743 2425 est,
764 2342 847 2428 apud
861 2338 1111 2428 mythographos
1128 2342 1211 2406 idem
1228 2344 1291 2427 legi
1307 2342 1403 2428 (Apd.
1419 2343 1456 2406 II
1475 2344 1554 2427 1573

380 2450 472 2514 Diod.
491 2451 540 2514 IV
565 2452 621 2532 373
647 2451 712 2533 38).
737 2448 907 2512 Manifesta
932 2456 1037 2513 autem
1061 2449 1192 2513 discedit
1209 2449 1340 2513 Ovidius
1365 2448 1555 2535 aSophocle

381 2560 413 2622 in
445 2558 658 2642 sequentibus.
706 2558 780 2621 Non
810 2553 879 2620 dico
910 2555 950 2620 de
986 2557 1120 2621 lacrimis
1153 2558 1352 2641 querelisque
1384 2557 1556 2622 Deianirae

379 2665 595 2748 (tlt-151),
619 2665 706 2728 cuius
732 2667 763 2727 in
778 2664 941 2749 tragoedia
966 2664 1152 2749 dignitatem
1175 2665 1334 2749 animique
1356 2663 1556 2728 altitudinem

379 2773 544 2856 miramur,
569 2772 674 2836 Ovidii
699 2774 784 2834 enim
799 2792 871 2834 cum
885 2771 1047 2857 Euripidis
1064 2771 1197 2835 Hecuba
1220 2777 1401 2856 comparata
1418 2770 1556 2835 ostendit

378 2878 417 2943 G.
432 2879 556 2942 Plaehn
580 2878 632 2960 (de
656 2878 815 2942 Nicandro
840 2884 908 2961 etc,
925 2901 956 2963 p.
974 2879 992 2940 6
1008 2878 1047 2959 a.)
1071 2887 1195 2963 poetam
1212 2879 1390 2942 Romanum
1418 2878 1555 2963 ,ubique

379 2986 507 3050 affectus
524 3007 618 3071 quam
632 2985 905 3050 vehementissime
925 3006 1042 3069 augere
1060 2991 1091 3048 ct
1105 2985 1327 3069 arnpliticare.“
1354 2985 1416 3049 Sed
1434 2987 1554 3071 inspico

378 3100 450 3157 met.
469 3094 530 3157 145
556 3118 590 3176 s,
616 3114 676 3177 quo
701 3115 742 3156 ex
766 3095 833 3156 loco
848 3098 989 3178 apparet,
1015 3092 1134 3155 famam
1150 3093 1189 3156 de
1204 3082 1353 3156 Herculis
1368 3092 1555 3157 infidelitate

379 3200 419 3263 ad
451 3201 632 3263 Deianiram
662 3202 854 3285 pervenisse,
894 3207 1064 3285 antequam
1096 3200 1166 3263 Iola
1201 3199 1358 3266 Trachina
1390 3200 1556 3265 advenerit

283 3336 285 3340 ,
379 3306 434 3389 (ef.
453 3306 544 3370 nhw.
569 3305 610 3369 ad
634 3330 663 3370 v.
689 3307 780 3390 136),
813 3328 883 3369 cum
914 3309 946 3369 in
976 3306 1141 3392 tragoedia
1170 3306 1321 3370 Deianira
1352 3327 1455 3370 coram
1485 3309 1555 3393 ipsa

378 3414 449 3478 Iola
472 3434 539 3476 rem
562 3413 679 3477 audiat.
1630 3500 1631 3503 Ἴ

484 3520 559 3584 Alia
584 3527 630 3584 est
653 3520 873 3605 discrepantia,
899 3521 983 3604 quod
1007 3521 1140 3586 Ovidius
1164 3521 1301 3607 Hyllum
1325 3523 1433 3604 filiurn,
1459 3541 1554 3605 quem

377 3662 448 3730 apud
469 3661 592 3716 Ovidium
616 3661 799 3715 desiderantur
822 3663 903 3730 (sicut
927 3664 1115 3730 Aesculapium
1141 3664 1283 3732 Apollinis,
1303 3664 1432 3715 Alconem
1450 3664 1554 3730 Martie,

378 3752 545 3819 Euphemum
571 3752 697 3819 Neptuni,
724 3751 914 3805 Deucalionem
941 3753 1051 3821 Minois)
1075 3768 1160 3820 neque
1188 3751 1252 3804 orde
1272 3754 1406 3804 nominum
1425 3750 1495 3803 idem
1514 3758 1555 3804 est

378 3931 550 3997 interpolatos
569 3946 626 3982 esse
646 3928 738 3981 Ideum
757 3932 891 3998 Lynceum
910 3932 1010 3983 statuit.

485 4019 507 4087 ς’)
527 4020 597 4072 Vasa
626 4021 699 4086 picta
730 4021 857 4071 nonnulla
887 4018 984 4073 docent
1015 4036 1081 4086 quae
1110 4020 1220 4087 praebet
1251 4019 1361 4072 Ovidius
1398 4027 1555 4073 venatorum

378 4110 484 4162 nomina
503 4124 536 4161 ex
554 4108 626 4162 fonte
646 4107 724 4161 docto
743 4117 848 4177 sumpta
861 4126 925 4161 esse.
946 4109 985 4162 lta
1007 4110 1129 4176 leguntur
1143 4112 1169 4161 in
1184 4125 1243 4161 vase
1257 4108 1327 4177 quod
1341 4108 1438 4162 dieitur
1453 4108 1555 4175 ,Fran-

378 4200 512 4265 coisvase“
537 4198 629 4251 heroes
653 4199 698 4265 qui
723 4199 802 4250 etiam
827 4199 859 4250 ab
881 4197 974 4251 (lvidie
1000 4205 1185 4250 enumerantur
1210 4198 1249 4250 lii:
1276 4198 1411 4265 Meleager
1429 4200 1555 4252 Ancaeus

378 4287 507 4341 Admetus
536 4287 631 4339 Peleus
659 4289 753 4339 l‘astor
781 4287 877 4340 l’ollux
906 4289 1031 4341 Atalanta
1057 4292 1181 4355 Acastus,
1210 4290 1271 4339 item
1298 4290 1324 4339 in
1350 4303 1411 4340 vase
1438 4286 1555 4354 quodam

377 4376 452 4429 fictili
476 4378 501 4428 in
526 4378 675 4443 antiquario
699 4378 854 4430 Monacensi
877 4385 981 4430 servato
1006 4377 1040 4444 (v.
1062 4378 1167 4442 Surber,
1189 4378 1203 4429 l.
1219 4378 1235 4429 l.
1250 4395 1274 4444 p.
1290 4380 1323 4430 99
1347 4376 1391 4444 sl:
1418 4377 1556 4445 Meleager

379 4468 472 4519 Castor
494 4466 592 4518 Pollux
615 4467 733 4534 Mopsus.
772 4468 811 4517 Ac
835 4474 981 4533 praeterea,
1007 4468 1075 4518 sicut
1101 4465 1211 4519 Ovidius
1234 4483 1257 4517 v.
1272 4469 1323 4519 378
1341 4482 1373 4518 ss.
1394 4466 1502 4518 Peleum
1528 4473 1556 4520 et

378 4555 556 4620 Telamonem,
575 4570 623 4622 par
637 4554 724 4607 nobile
745 4553 862 4620 fratrum,
883 4554 996 4619 induxit,
1017 4557 1053 4608 ita
1068 4556 1167 4623 Scopas
1180 4555 1333 4608 coniunctos
1354 4571 1398 4608 eos
1417 4553 1555 4609 effinxerat

379 4644 500 4696 Athenae
520 4645 545 4695 in
565 4646 663 4711 templo
683 4644 812 4711 Tegeaeo,
832 4646 905 4697 cuius
931 4646 956 4695 in
982 4653 1106 4714 tympano
1127 4645 1272 4714 sculpserat
1290 4645 1456 4697 venationem
1477 4644 1555 4715 Caly-

379 4732 484 4789 donium
503 4734 548 4802 (ct.
563 4734 642 4791 Paua.
658 4732 723 4786 l'lll
744 4737 785 4799 45,
806 4739 822 4785 o·
841 4735 874 4802 ε.)
