3750 5592
865 581 1063 647 ,6-

377 796 449 841 eum
472 779 647 864 ingressum
671 801 738 844 case
761 801 817 866 per
833 803 866 844 se
889 783 1041 867 intellegi,
1065 782 1123 846 hoc
1142 789 1176 844 ut
1197 790 1303 845 teneas
1325 802 1450 867 quaeso,
1476 801 1548 844 eou-

377 885 647 972 traotaquuidem
678 887 734 951 sed
763 889 890 950 casdem
918 911 967 951 res
996 889 1167 975 eodemque
1198 888 1307 952 ordino
1336 888 1484 952 Ovidium
1513 910 1550 951 ae

377 992 540 1056 Maronem
564 994 718 1080 proferro.

484 1099 573 1173 Quae
596 1109 702 1164 autom
725 1123 766 1164 ex
788 1102 932 1166 Aeneide
960 1102 1001 1166 ad
1029 1124 1121 1165 usum
1149 1124 1241 1165 suum
1265 1101 1398 1166 Ovidius
1427 1102 1549 1166 confor-

376 1208 473 1270 mavit
497 1208 622 1272 assidue
646 1210 918 1294 interrumpuntur
935 1210 1052 1273 fabulis
1069 1210 1108 1273 ab
1123 1208 1267 1273 Aeneide
1292 1210 1413 1291 alienis,
1438 1231 1474 1272 ac
1492 1212 1549 1271 mi·

376 1336 446 1377 rum
471 1323 622 1400 quantum
646 1319 721 1379 artis
745 1316 785 1378 ad
809 1317 1008 1379 exornandas
1032 1337 1084 1380 eas
1110 1320 1241 1380 insertas
1257 1319 1432 1400 contulerit,
1457 1318 1501 1379 ita
1517 1323 1550 1379 ut

376 1419 505 1485 Aeneae
528 1412 580 1486 res
608 1426 696 1509 quasi
728 1423 933 1487 fundamenta
957 1424 1190 1488 narrationibus
1215 1426 1277 1487 illis
1301 1426 1455 1510 copiosius
1480 1425 1549 1485 illu·

376 1529 480 1592 stratis
504 1531 661 1594 subiectae
686 1533 756 1594 sint.
1068 1511 1070 1516 ’

482 1635 554 1699 Jam
578 1657 654 1701 vcro
677 1640 840 1723 utriusque
864 1655 976 1722 poetae
1000 1638 1097 1701 verba
1120 1641 1295 1702 accuratius
1319 1659 1547 1723 comparemus,

376 1743 493 1806 seilicet
511 1766 573 1829 qua
589 1746 709 1808 ratione
726 1754 943 1829 quatenusque
960 1745 1092 1810 Ovidius
1117 1747 1298 1831 exemplum
1318 1767 1409 1808 suum
1426 1755 1549 1809 aeratus

376 1850 416 1912 sit
443 1858 626 1935 statuamus,
660 1852 737 1936 quid
767 1854 916 1932 omiserit,
951 1853 1027 1936 quid
1057 1854 1231 1935 retinuerit,
1265 1852 1340 1938 quid
1370 1855 1548 1935 mutaverit,

376 1956 453 2041 quid
477 1957 516 2021 de
540 1980 595 2022 suo
620 1961 796 2024 inseruerit.

407 2115 409 2120 .
482 2064 589 2151 Atque
612 2066 670 2129 hoc
697 2068 905 2152 praemittam,
930 2067 1108 2151 Vergilium
1138 2068 1264 2152 quidem
1293 2068 1549 2151 compositionem

376 2174 419 2236 ita
442 2173 625 2254 instituisso,
654 2179 689 2236 ut
717 2174 749 2236 in
777 2173 839 2235 fine
871 2175 889 2239 l.
915 2174 932 2236 Ι
962 2182 1144 2260 exponeret,
1178 2175 1333 2260 quomodo
1361 2175 1488 2238 Aeneas
1518 2176 1548 2235 in

375 2279 479 2343 modio
502 2302 522 2343 a
545 2279 653 2343 Sicilia
678 2282 709 2342 in
732 2281 860 2343 ltaliam
888 2302 981 2343 eursu
1010 2287 1194 2366 tempestate
1225 2302 1392 2366 oppressus
1418 2280 1548 2343 Cartha·

375 2389 480 2471 ginom
504 2388 626 2451 delatus
642 2397 733 2470 esset,
759 2390 790 2450 in
809 2390 827 2450 l.
846 2387 882 2449 II
898 2394 1002 2450 autem
1015 2388 1158 2451 Acucam
1174 2389 1287 2451 Troiae
1300 2388 1458 2452 excidium
1475 2389 1548 2473 ipsi-

374 2475 474 2580 usque
498 2495 608 2578 fugam
623 2495 739 2558 Didoni
764 2503 944 2558 narrantum
970 2495 1138 2576 induceret,
1164 2505 1271 2558 contra
1287 2496 1436 2559 Ovidium
1455 2494 1548 2557 libro·

375 2622 444 2663 rum
463 2600 616 2666 Aeneidis
636 2603 717 2665 serie
736 2602 887 2666 dissoluta
906 2600 1077 2665 secundum
1097 2605 1246 2687 temporis
1263 2602 1404 2665 ordinem
1419 2602 1548 2665 Aeneae

375 2730 416 2771 ex
431 2707 510 2772 urbe
521 2708 616 2772 Troia
630 2709 742 2794 vfugam
757 2710 967 2795 praevertisse
986 2711 1022 2771 iis
1038 2729 1118 2793 quae
1129 2709 1319 2793 Carthagine
1336 2709 1419 2772 lacta
1435 2714 1546 2771 essent.

376 2814 464 2888 Quae
488 2822 594 2879 autem
618 2818 649 2879 in
675 2816 745 2879 l.II
769 2815 921 2879 Aeneidis
951 2815 990 2878 de
1013 2816 1109 2880 Troia
1139 2823 1230 2900 capta
1260 2818 1391 2900 legimus
1416 2815 1548 2879 lividius

375 2922 488 3005 omisit,
508 2915 583 2985 ¹cum
607 2925 670 2986 iam
693 2921 782 2986 XIII
806 2923 870 2985 403
895 2944 934 2987 ss.
961 2922 1041 2986 hanc
1064 2944 1131 2986 rem
1155 2924 1345 3008 protulisset.

481 3030 692 3093 Proficiscitur
715 3031 812 3114 igitur
835 3032 974 3094 narratio
998 3037 1071 3093 met.
1089 3029 1178 3094 XIII
1196 3031 1260 3093 624
1284 3030 1323 3092 ah
1343 3028 1453 3092 Acuca
1477 3051 1548 3092 eum

373 3135 514 3199 Anchisa
544 3149 576 3200 ct
604 3138 741 3200 Ascanio
774 3138 924 3223 profugo,
959 3137 1072 3221 quibua
1108 3137 1297 3222 respondent
1327 3134 1479 3198 Aeneidis
1510 3137 1546 3198 II

375 3243 567 3306 634-804:
588 3242 610 3325 ¹)

538 3371 645 3431 „sacra
667 3361 707 3434 et,
733 3371 821 3414 sacra
845 3353 954 3434 altera,
978 3358 1101 3435 patrem

534 3458 596 3519 fert
618 3458 744 3541 umeris,
769 3459 951 3522 venerabile
975 3480 1062 3539 onoc,
1088 3458 1276 3543 Cythereius
1300 3458 1402 3522 heroa.

534 3563 573 3628 de
596 3568 691 3629 tantis
715 3566 827 3652 opibus
850 3564 1001 3651 praedam
1027 3568 1096 3651 pius
1120 3567 1216 3649 elegit
1241 3567 1327 3628 illam

533 3671 768 3758 Ascaniumque
792 3674 912 3736 suum.“

480 3778 609 3842 Troiani
626 3779 739 3843 deindo
758 3802 828 3843 oum
848 3781 947 3843 classe
961 3779 1127 3843 Antandro
1144 3780 1216 3860 (Or.
1232 3781 1312 3862 6283
1330 3780 1428 3864 Vorg.
1443 3780 1497 3843 III
1513 3781 1545 3862 6)

373 3885 506 3971 profecti
531 3885 602 3968 (Or.
622 3888 683 3949 ss2i
701 3911 756 3970 ss.;
781 3888 879 3972 Vorg.
896 3889 951 3951 III
979 3890 1102 3970 1-123
1127 3889 1167 3950 cf.
1191 3888 1343 3973 imprimis
1368 3886 1426 3952 (lv.
1442 3889 1504 3950 627
1522 3911 1544 3949 s.

373 4013 443 4055 cum
466 3992 564 4077 Vorg.
585 3995 681 4076 11³.)
704 3998 841 4079 primum
865 3995 991 4080 quidem
1017 3998 1048 4057 in
1072 3995 1239 4058 Thraciam
1261 3996 1450 4080 perveniunt
1473 3994 1544 4074 (Or.

374 4101 437 4162 628
462 4123 501 4183 s.;
530 4100 628 4185 Verg.
654 4103 806 4184 13—68)‚
831 4123 926 4185 quam
947 4102 1099 4188 Polydori
1119 4103 1285 4164 simulacro
1306 4104 1450 4165 commoti
1472 4122 1546 4164 mox

374 4209 557 4292 relinquunt
580 4207 651 4290 (Ov.
669 4210 749 4292 6293
775 4209 872 4292 Vorg.
893 4213 931 4273 19
950 4233 1000 4291 ss,
1026 4213 1068 4273 28
1085 4211 1134 4292 a).

482 4387 502 4454 ¹)
523 4388 607 4438 Locos
621 4386 795 4453 Vergilianoa
815 4386 1008 4454 quilursllridii
1028 4404 1118 4441 versus
1137 4386 1306 4455 respondent,
1326 4387 1467 4455 diligenter
1486 4402 1546 4438 con-

373 4477 453 4541 gessit
471 4474 557 4528 editor
576 4476 607 4528 R.
622 4476 734 4528 Ehwald
754 4480 780 4527 iu
799 4485 887 4529 annot.
901 4477 935 4529 ad
956 4479 970 4529 l.
986 4477 1060 4543 XIII,
1080 4495 1101 4528 r.
1117 4479 1168 4529 623
1183 4494 1215 4529 ss,
1236 4478 1299 4544 (llic
1314 4476 1545 4543 Metamorphosen

374 4564 420 4616 des
439 4566 468 4616 P.
483 4564 593 4617 Ovidius
611 4567 691 4631 Naso,
718 4568 822 4618 zuciter
844 4566 925 4631 hand,
955 4568 1027 4618 llnrh
1049 4566 1212 4632 l'IIl-—Xl'3
1244 4568 1331 4618 llerliu
1354 4570 1430 4631 laos,
1456 4564 1546 4616 Weid-

374 4654 525 4706 manu’sche
548 4654 780 4723 ssuehhandlung.)
