<?xml version="1.0" encoding="UTF-8"?>
<!DOCTYPE html PUBLIC "-//W3C//DTD XHTML 1.0 Transitional//EN"
    "http://www.w3.org/TR/xhtml1/DTD/xhtml1-transitional.dtd">
<html xmlns="http://www.w3.org/1999/xhtml" xml:lang="en" lang="en">
 <head>
  <title>
</title>
<meta http-equiv="Content-Type" content="text/html;charset=utf-8" />
  <meta name='ocr-system' content='tesseract 3.04.00' />
  <meta name='ocr-capabilities' content='ocr_page ocr_carea ocr_par ocr_line ocrx_word'/>
</head>
<body>
  <div class='ocr_page' id='page_1' title='image "./ovidiusquaratio00kiengoog_0034.png"; bbox 0 0 3750 5592; ppageno 0'>
   <div class='ocr_carea' id='block_1_1' title="bbox 826 561 1046 622">
    <p class='ocr_par' dir='ltr' id='par_1_1' title="bbox 826 561 1046 622">
     <span class='ocr_line' id='line_1_1' title="bbox 826 561 1046 622; baseline 0.009 -19"><span class='ocrx_word' id='word_1_1' title='bbox 826 561 1046 622; x_wconf 63' lang='lat' dir='ltr'>-„3q..</span> 
     </span>
    </p>
   </div>
   <div class='ocr_carea' id='block_1_2' title="bbox 349 735 1522 1378">
    <p class='ocr_par' dir='ltr' id='par_1_2' title="bbox 349 735 1522 1378">
     <span class='ocr_line' id='line_1_2' title="bbox 350 735 1521 842; baseline 0.001 -24"><span class='ocrx_word' id='word_1_2' title='bbox 350 775 443 840; x_wconf 91' lang='lat' dir='ltr'>quam</span> <span class='ocrx_word' id='word_1_3' title='bbox 474 755 633 820; x_wconf 79' lang='lat' dir='ltr'>lavantem</span> <span class='ocrx_word' id='word_1_4' title='bbox 663 756 780 819; x_wconf 83' lang='lat' dir='ltr'>invitus</span> <span class='ocrx_word' id='word_1_5' title='bbox 811 755 935 839; x_wconf 76' lang='lat' dir='ltr'>viderit,</span> <span class='ocrx_word' id='word_1_6' title='bbox 967 758 1085 842; x_wconf 86' lang='lat' dir='ltr'>primus</span> <span class='ocrx_word' id='word_1_7' title='bbox 1117 756 1205 820; x_wconf 90' lang='lat' dir='ltr'>uobis</span> <span class='ocrx_word' id='word_1_8' title='bbox 1235 757 1321 820; x_wconf 90' lang='lat' dir='ltr'>testis</span> <span class='ocrx_word' id='word_1_9' title='bbox 1351 763 1398 819; x_wconf 88' lang='lat' dir='ltr'>est</span> <span class='ocrx_word' id='word_1_10' title='bbox 1426 735 1521 819; x_wconf 66' lang='lat' dir='ltr'>Cauil</span> 
     </span>
     <span class='ocr_line' id='line_1_3' title="bbox 349 861 1522 949; baseline 0 -25"><span class='ocrx_word' id='word_1_11' title='bbox 349 863 476 927; x_wconf 89' lang='lat' dir='ltr'>machus</span> <span class='ocrx_word' id='word_1_12' title='bbox 494 864 615 949; x_wconf 75' lang='lat' dir='ltr'>(hymn.</span> <span class='ocrx_word' id='word_1_13' title='bbox 630 863 661 926; x_wconf 89' lang='lat' dir='ltr'><strong>V</strong></span> <span class='ocrx_word' id='word_1_14' title='bbox 681 864 740 925; x_wconf 77' lang='lat'>107</span> <span class='ocrx_word' id='word_1_15' title='bbox 758 863 823 944; x_wconf 82' lang='lat' dir='ltr'>ss).</span> <span class='ocrx_word' id='word_1_16' title='bbox 854 862 1065 927; x_wconf 78' lang='lat' dir='ltr'>Callimachus</span> <span class='ocrx_word' id='word_1_17' title='bbox 1082 872 1186 928; x_wconf 90' lang='lat' dir='ltr'>autem</span> <span class='ocrx_word' id='word_1_18' title='bbox 1203 871 1309 926; x_wconf 90' lang='lat' dir='ltr'>narrat</span> <span class='ocrx_word' id='word_1_19' title='bbox 1322 861 1522 949; x_wconf 50' lang='grc' dir='ltr'><em>ηὰηιάρτνρον</em></span> 
     </span>
     <span class='ocr_line' id='line_1_4' title="bbox 350 969 1522 1056; baseline 0.002 -25"><span class='ocrx_word' id='word_1_20' title='bbox 350 969 470 1033; x_wconf 55' lang='lat' dir='ltr'>oblitust</span> <span class='ocrx_word' id='word_1_21' title='bbox 521 969 686 1053; x_wconf 77' lang='lat' dir='ltr'>Convenit,</span> <span class='ocrx_word' id='word_1_22' title='bbox 712 970 795 1055; x_wconf 92' lang='lat' dir='ltr'>quod</span> <span class='ocrx_word' id='word_1_23' title='bbox 819 972 976 1054; x_wconf 79' lang='lat' dir='ltr'>cognitam</span> <span class='ocrx_word' id='word_1_24' title='bbox 1001 972 1142 1035; x_wconf 85' lang='lat' dir='ltr'>fabulam</span> <span class='ocrx_word' id='word_1_25' title='bbox 1165 972 1335 1056; x_wconf 87' lang='lat' dir='ltr'>multisque</span> <span class='ocrx_word' id='word_1_26' title='bbox 1359 970 1522 1055; x_wconf 82' lang='lat' dir='ltr'>probata-m</span> 
     </span>
     <span class='ocr_line' id='line_1_5' title="bbox 350 1075 1521 1165; baseline 0 -26"><span class='ocrx_word' id='word_1_27' title='bbox 350 1076 448 1139; x_wconf 85' lang='lat' dir='ltr'>fuisse</span> <span class='ocrx_word' id='word_1_28' title='bbox 461 1077 550 1140; x_wconf 90' lang='lat' dir='ltr'>docet</span> <span class='ocrx_word' id='word_1_29' title='bbox 564 1075 648 1161; x_wconf 90' lang='lat' dir='ltr'>Apd.</span> <span class='ocrx_word' id='word_1_30' title='bbox 662 1076 717 1140; x_wconf 88' lang='lat' dir='ltr'>HI</span> <span class='ocrx_word' id='word_1_31' title='bbox 734 1078 793 1140; x_wconf 87' lang='lat'>30:</span> <span class='ocrx_word' id='word_1_32' title='bbox 822 1076 890 1159; x_wconf 74' lang='lat' dir='ltr'>„acl</span> <span class='ocrx_word' id='word_1_33' title='bbox 906 1080 1017 1141; x_wconf 72' lang='grc' dir='ltr'><em>τοῦτον</em></span> <span class='ocrx_word' id='word_1_34' title='bbox 1034 1076 1212 1165; x_wconf 67' lang='grc' dir='ltr'><em>ἐτελεύτησε</em></span> <span class='ocrx_word' id='word_1_35' title='bbox 1230 1077 1340 1159; x_wconf 67' lang='lat' dir='ltr'>(scillei</span> <span class='ocrx_word' id='word_1_36' title='bbox 1361 1076 1521 1158; x_wconf 71' lang='grc' dir='ltr'>Ἀκταίων)</span> 
     </span>
     <span class='ocr_line' id='line_1_6' title="bbox 350 1182 1521 1272; baseline 0.001 -27"><span class='ocrx_word' id='word_1_37' title='bbox 350 1184 404 1245; x_wconf 76' lang='grc' dir='ltr'>τὸν</span> <span class='ocrx_word' id='word_1_38' title='bbox 427 1183 552 1269; x_wconf 77' lang='grc' dir='ltr'><em>τρόπον,</em></span> <span class='ocrx_word' id='word_1_39' title='bbox 577 1183 626 1253; x_wconf 72' lang='grc' dir='ltr'>ὡς</span> <span class='ocrx_word' id='word_1_40' title='bbox 644 1184 703 1269; x_wconf 77' lang='grc' dir='ltr'>μὲν</span> <span class='ocrx_word' id='word_1_41' title='bbox 730 1182 930 1253; x_wconf 68' lang='grc' dir='ltr'><em>Ἀκουσίλαος·</em></span> <span class='ocrx_word' id='word_1_42' title='bbox 956 1185 1049 1262; x_wconf 68' lang='grc' dir='ltr'><em>λέγει,</em></span> <span class='ocrx_word' id='word_1_43' title='bbox 1076 1184 1269 1272; x_wconf 67' lang='grc' dir='ltr'><em>μηνίσαντος</em></span> <span class='ocrx_word' id='word_1_44' title='bbox 1295 1186 1349 1247; x_wconf 71' lang='grc' dir='ltr'>τοῦ</span> <span class='ocrx_word' id='word_1_45' title='bbox 1377 1186 1452 1252; x_wconf 67' lang='grc' dir='ltr'>Διὸς</span> <span class='ocrx_word' id='word_1_46' title='bbox 1474 1183 1521 1247; x_wconf 73' lang='grc' dir='ltr'>ὅτε</span> 
     </span>
     <span class='ocr_line' id='line_1_7' title="bbox 350 1287 1522 1378; baseline -0.001 -26"><span class='ocrx_word' id='word_1_47' title='bbox 350 1287 581 1375; x_wconf 71' lang='grc' dir='ltr'><em>ἐμνηστεύσατο</em></span> <span class='ocrx_word' id='word_1_48' title='bbox 614 1290 761 1378; x_wconf 73' lang='grc' dir='ltr'><em>Σεμέλην,</em></span> <span class='ocrx_word' id='word_1_49' title='bbox 799 1290 848 1358; x_wconf 71' lang='grc' dir='ltr'>ὼς</span> <span class='ocrx_word' id='word_1_50' title='bbox 883 1290 918 1353; x_wconf 74' lang='grc' dir='ltr'>δὲ</span> <span class='ocrx_word' id='word_1_51' title='bbox 953 1290 984 1353; x_wconf 76' lang='grc' dir='ltr'>οἱ</span> <span class='ocrx_word' id='word_1_52' title='bbox 1012 1291 1162 1366; x_wconf 59' lang='lat' dir='ltr'>alatores,</span> <span class='ocrx_word' id='word_1_53' title='bbox 1199 1290 1245 1354; x_wconf 76' lang='grc' dir='ltr'>ὅτι</span> <span class='ocrx_word' id='word_1_54' title='bbox 1278 1290 1334 1375; x_wconf 78' lang='grc' dir='ltr'>τὴν</span> <span class='ocrx_word' id='word_1_55' title='bbox 1372 1290 1522 1377; x_wconf 60' lang='grc' dir='ltr'><em>’Ἀλρτεμεν</em></span> 
     </span>
    </p>
   </div>
   <div class='ocr_carea' id='block_1_3' title="bbox 348 1397 1524 2984">
    <p class='ocr_par' dir='ltr' id='par_1_3' title="bbox 350 1397 634 1483">
     <span class='ocr_line' id='line_1_8' title="bbox 350 1397 634 1483; baseline 0.004 -24"><span class='ocrx_word' id='word_1_56' title='bbox 350 1398 518 1483; x_wconf 75' lang='grc' dir='ltr'><em>λουομένην</em></span> <span class='ocrx_word' id='word_1_57' title='bbox 542 1397 634 1461; x_wconf 74' lang='grc' dir='ltr'><em>εἶδε.“</em></span> 
     </span>
    </p>

    <p class='ocr_par' dir='ltr' id='par_1_4' title="bbox 349 1494 1523 2240">
     <span class='ocr_line' id='line_1_9' title="bbox 456 1494 1520 1591; baseline -0.002 -23"><span class='ocrx_word' id='word_1_58' title='bbox 456 1504 547 1579; x_wconf 82' lang='lat' dir='ltr'>Quod</span> <span class='ocrx_word' id='word_1_59' title='bbox 576 1506 672 1589; x_wconf 88' lang='lat' dir='ltr'>igitur</span> <span class='ocrx_word' id='word_1_60' title='bbox 695 1505 827 1569; x_wconf 85' lang='lat' dir='ltr'>Ovidius</span> <span class='ocrx_word' id='word_1_61' title='bbox 851 1514 968 1590; x_wconf 82' lang='lat' dir='ltr'>narrat,</span> <span class='ocrx_word' id='word_1_62' title='bbox 1000 1507 1094 1569; x_wconf 90' lang='lat' dir='ltr'>etiam</span> <span class='ocrx_word' id='word_1_63' title='bbox 1120 1509 1150 1570; x_wconf 94' lang='lat' dir='ltr'>in</span> <span class='ocrx_word' id='word_1_64' title='bbox 1174 1494 1359 1591; x_wconf 91' lang='lat' dir='ltr'>compendio</span> <span class='ocrx_word' id='word_1_65' title='bbox 1384 1506 1520 1586; x_wconf 78' lang='lat' dir='ltr'>exstitit3</span> 
     </span>
     <span class='ocr_line' id='line_1_10' title="bbox 349 1613 1522 1699; baseline -0.001 -24"><span class='ocrx_word' id='word_1_66' title='bbox 349 1625 443 1698; x_wconf 89' lang='lat' dir='ltr'>atque</span> <span class='ocrx_word' id='word_1_67' title='bbox 468 1634 663 1698; x_wconf 88' lang='lat' dir='ltr'>summopere</span> <span class='ocrx_word' id='word_1_68' title='bbox 687 1615 769 1697; x_wconf 89' lang='lat' dir='ltr'>sapit</span> <span class='ocrx_word' id='word_1_69' title='bbox 791 1613 1095 1699; x_wconf 77' lang='lat' dir='ltr'>mythographorum</span> <span class='ocrx_word' id='word_1_70' title='bbox 1120 1613 1292 1677; x_wconf 83' lang='lat' dir='ltr'>doctrinam</span> <span class='ocrx_word' id='word_1_71' title='bbox 1312 1633 1425 1677; x_wconf 89' lang='lat' dir='ltr'>canum</span> <span class='ocrx_word' id='word_1_72' title='bbox 1440 1619 1522 1675; x_wconf 93' lang='lat' dir='ltr'>cato·</span> 
     </span>
     <span class='ocr_line' id='line_1_11' title="bbox 351 1717 1523 1805; baseline -0.002 -22"><span class='ocrx_word' id='word_1_73' title='bbox 351 1717 498 1802; x_wconf 65' lang='lat' dir='ltr'>rogan),</span> <span class='ocrx_word' id='word_1_74' title='bbox 535 1740 628 1804; x_wconf 93' lang='lat' dir='ltr'>quem</span> <span class='ocrx_word' id='word_1_75' title='bbox 659 1718 791 1783; x_wconf 88' lang='lat' dir='ltr'>Ovidius</span> <span class='ocrx_word' id='word_1_76' title='bbox 826 1722 958 1805; x_wconf 87' lang='lat' dir='ltr'>praebet</span> <span class='ocrx_word' id='word_1_77' title='bbox 992 1720 1048 1783; x_wconf 92' lang='lat' dir='ltr'>III</span> <span class='ocrx_word' id='word_1_78' title='bbox 1079 1722 1142 1783; x_wconf 77' lang='lat'>206</span> <span class='ocrx_word' id='word_1_79' title='bbox 1172 1742 1210 1783; x_wconf 86' lang='lat' dir='ltr'>ss.</span> <span class='ocrx_word' id='word_1_80' title='bbox 1260 1721 1300 1784; x_wconf 91' lang='lat' dir='ltr'>ln</span> <span class='ocrx_word' id='word_1_81' title='bbox 1334 1718 1523 1782; x_wconf 80' lang='lat' dir='ltr'>bibliotheca</span> 
     </span>
     <span class='ocr_line' id='line_1_12' title="bbox 349 1826 1521 1909; baseline -0.003 -20"><span class='ocrx_word' id='word_1_82' title='bbox 349 1831 453 1889; x_wconf 89' lang='lat' dir='ltr'>autem</span> <span class='ocrx_word' id='word_1_83' title='bbox 470 1826 603 1889; x_wconf 89' lang='lat' dir='ltr'>similem</span> <span class='ocrx_word' id='word_1_84' title='bbox 624 1826 758 1889; x_wconf 91' lang='lat' dir='ltr'>indicem</span> <span class='ocrx_word' id='word_1_85' title='bbox 772 1828 929 1890; x_wconf 83' lang='lat' dir='ltr'>exstitisse</span> <span class='ocrx_word' id='word_1_86' title='bbox 950 1828 1180 1892; x_wconf 85' lang='lat' dir='ltr'>demonstratur</span> <span class='ocrx_word' id='word_1_87' title='bbox 1195 1849 1266 1891; x_wconf 93' lang='lat' dir='ltr'>eum</span> <span class='ocrx_word' id='word_1_88' title='bbox 1285 1826 1429 1892; x_wconf 85' lang='lat' dir='ltr'>versibus</span> <span class='ocrx_word' id='word_1_89' title='bbox 1449 1827 1521 1909; x_wconf 72' lang='lat' dir='ltr'>illis,</span> 
     </span>
     <span class='ocr_line' id='line_1_13' title="bbox 350 1934 1521 2020; baseline -0.001 -24"><span class='ocrx_word' id='word_1_90' title='bbox 350 1934 403 2019; x_wconf 93' lang='lat' dir='ltr'>qui</span> <span class='ocrx_word' id='word_1_91' title='bbox 420 1934 530 1997; x_wconf 81' lang='lat'>11132</span> <span class='ocrx_word' id='word_1_92' title='bbox 556 1935 669 1997; x_wconf 86' lang='lat' dir='ltr'>servati</span> <span class='ocrx_word' id='word_1_93' title='bbox 695 1941 777 2015; x_wconf 85' lang='lat' dir='ltr'>sunt,</span> <span class='ocrx_word' id='word_1_94' title='bbox 801 1941 868 1997; x_wconf 89' lang='lat' dir='ltr'>tum</span> <span class='ocrx_word' id='word_1_95' title='bbox 891 1934 961 2017; x_wconf 83' lang='lat' dir='ltr'>hoc,</span> <span class='ocrx_word' id='word_1_96' title='bbox 986 1934 1069 2020; x_wconf 91' lang='lat' dir='ltr'>quod</span> <span class='ocrx_word' id='word_1_97' title='bbox 1093 1936 1201 1999; x_wconf 80' lang='lat'>11131</span> <span class='ocrx_word' id='word_1_98' title='bbox 1228 1941 1406 2016; x_wconf 84' lang='lat' dir='ltr'>annotatur,</span> <span class='ocrx_word' id='word_1_99' title='bbox 1431 1935 1521 2019; x_wconf 90' lang='lat' dir='ltr'>quin-</span> 
     </span>
     <span class='ocr_line' id='line_1_14' title="bbox 350 2040 1521 2127; baseline 0 -25"><span class='ocrx_word' id='word_1_100' title='bbox 350 2043 500 2126; x_wconf 80' lang='lat' dir='ltr'>quaginta</span> <span class='ocrx_word' id='word_1_101' title='bbox 523 2040 692 2104; x_wconf 74' lang='lat' dir='ltr'>Actaeonis</span> <span class='ocrx_word' id='word_1_102' title='bbox 716 2061 808 2103; x_wconf 84' lang='lat' dir='ltr'>cancs</span> <span class='ocrx_word' id='word_1_103' title='bbox 832 2041 939 2105; x_wconf 83' lang='lat' dir='ltr'>fuisse.</span> <span class='ocrx_word' id='word_1_104' title='bbox 983 2041 1071 2114; x_wconf 80' lang='lat' dir='ltr'>Quae</span> <span class='ocrx_word' id='word_1_105' title='bbox 1095 2042 1192 2105; x_wconf 84' lang='lat' dir='ltr'>verba</span> <span class='ocrx_word' id='word_1_106' title='bbox 1216 2040 1292 2127; x_wconf 89' lang='lat' dir='ltr'>quid</span> <span class='ocrx_word' id='word_1_107' title='bbox 1317 2041 1374 2105; x_wconf 88' lang='lat' dir='ltr'>sibi</span> <span class='ocrx_word' id='word_1_108' title='bbox 1400 2042 1521 2122; x_wconf 76' lang='lat' dir='ltr'>volunt,</span> 
     </span>
     <span class='ocr_line' id='line_1_15' title="bbox 349 2149 1467 2240; baseline -0.001 -29"><span class='ocrx_word' id='word_1_109' title='bbox 349 2150 408 2211; x_wconf 81' lang='lat' dir='ltr'>nisi</span> <span class='ocrx_word' id='word_1_110' title='bbox 433 2150 663 2235; x_wconf 71' lang='lat' dir='ltr'>quinquaginta</span> <span class='ocrx_word' id='word_1_111' title='bbox 686 2171 798 2213; x_wconf 89' lang='lat' dir='ltr'>eanum</span> <span class='ocrx_word' id='word_1_112' title='bbox 821 2150 948 2212; x_wconf 88' lang='lat' dir='ltr'>nomina</span> <span class='ocrx_word' id='word_1_113' title='bbox 973 2170 1084 2212; x_wconf 71' lang='lat' dir='ltr'>reuera</span> <span class='ocrx_word' id='word_1_114' title='bbox 1109 2156 1291 2240; x_wconf 72' lang='lat' dir='ltr'>enumerata</span> <span class='ocrx_word' id='word_1_115' title='bbox 1315 2149 1467 2211; x_wconf 81' lang='lat' dir='ltr'>fuerunt?</span> 
     </span>
    </p>

    <p class='ocr_par' dir='ltr' id='par_1_5' title="bbox 348 2254 1524 2770">
     <span class='ocr_line' id='line_1_16' title="bbox 455 2254 1523 2342; baseline -0.001 -24"><span class='ocrx_word' id='word_1_116' title='bbox 455 2256 628 2319; x_wconf 83' lang='lat' dir='ltr'>Maximam</span> <span class='ocrx_word' id='word_1_117' title='bbox 652 2279 728 2321; x_wconf 79' lang='lat' dir='ltr'>vero</span> <span class='ocrx_word' id='word_1_118' title='bbox 742 2259 806 2321; x_wconf 78' lang='lat' dir='ltr'>vim</span> <span class='ocrx_word' id='word_1_119' title='bbox 831 2257 904 2319; x_wconf 89' lang='lat' dir='ltr'>huie</span> <span class='ocrx_word' id='word_1_120' title='bbox 919 2258 965 2319; x_wconf 88' lang='lat' dir='ltr'>rei</span> <span class='ocrx_word' id='word_1_121' title='bbox 989 2256 1135 2339; x_wconf 78' lang='lat' dir='ltr'>tribuam,</span> <span class='ocrx_word' id='word_1_122' title='bbox 1161 2256 1244 2342; x_wconf 91' lang='lat' dir='ltr'>quod</span> <span class='ocrx_word' id='word_1_123' title='bbox 1261 2255 1393 2319; x_wconf 84' lang='lat' dir='ltr'>Ovidius</span> <span class='ocrx_word' id='word_1_124' title='bbox 1411 2254 1523 2318; x_wconf 91' lang='lat' dir='ltr'>eadem</span> 
     </span>
     <span class='ocr_line' id='line_1_17' title="bbox 350 2362 1522 2448; baseline -0.003 -23"><span class='ocrx_word' id='word_1_125' title='bbox 350 2363 417 2426; x_wconf 86' lang='lat' dir='ltr'>fore</span> <span class='ocrx_word' id='word_1_126' title='bbox 447 2370 555 2427; x_wconf 87' lang='lat' dir='ltr'>narrat</span> <span class='ocrx_word' id='word_1_127' title='bbox 582 2386 618 2427; x_wconf 92' lang='lat' dir='ltr'>ac</span> <span class='ocrx_word' id='word_1_128' title='bbox 647 2364 846 2448; x_wconf 74' lang='lat' dir='ltr'>bibliotheca,</span> <span class='ocrx_word' id='word_1_129' title='bbox 874 2385 932 2426; x_wconf 91' lang='lat' dir='ltr'>nec</span> <span class='ocrx_word' id='word_1_130' title='bbox 961 2364 1117 2448; x_wconf 76' lang='lat' dir='ltr'>simplices</span> <span class='ocrx_word' id='word_1_131' title='bbox 1147 2364 1232 2426; x_wconf 91' lang='lat' dir='ltr'>illius</span> <span class='ocrx_word' id='word_1_132' title='bbox 1261 2362 1389 2425; x_wconf 88' lang='lat' dir='ltr'>fabulae</span> <span class='ocrx_word' id='word_1_133' title='bbox 1421 2363 1522 2425; x_wconf 86' lang='lat' dir='ltr'>lineas</span> 
     </span>
     <span class='ocr_line' id='line_1_18' title="bbox 348 2470 1524 2557; baseline 0 -24"><span class='ocrx_word' id='word_1_134' title='bbox 348 2492 412 2534; x_wconf 92' lang='lat' dir='ltr'>non</span> <span class='ocrx_word' id='word_1_135' title='bbox 435 2473 573 2535; x_wconf 82' lang='lat' dir='ltr'>servavit</span> <span class='ocrx_word' id='word_1_136' title='bbox 596 2493 698 2556; x_wconf 89' lang='lat' dir='ltr'>neque</span> <span class='ocrx_word' id='word_1_137' title='bbox 723 2470 844 2535; x_wconf 89' lang='lat' dir='ltr'>addidit</span> <span class='ocrx_word' id='word_1_138' title='bbox 867 2494 885 2534; x_wconf 88' lang='lat' dir='ltr'>a</span> <span class='ocrx_word' id='word_1_139' title='bbox 910 2471 1139 2557; x_wconf 85' lang='lat' dir='ltr'>mythographo</span> <span class='ocrx_word' id='word_1_140' title='bbox 1164 2473 1268 2535; x_wconf 91' lang='lat' dir='ltr'>aliena</span> <span class='ocrx_word' id='word_1_141' title='bbox 1291 2477 1417 2555; x_wconf 88' lang='lat' dir='ltr'>praeter</span> <span class='ocrx_word' id='word_1_142' title='bbox 1445 2471 1524 2533; x_wconf 89' lang='lat' dir='ltr'>talia</span> 
     </span>
     <span class='ocr_line' id='line_1_19' title="bbox 350 2576 1523 2664; baseline -0.001 -24"><span class='ocrx_word' id='word_1_143' title='bbox 350 2578 456 2663; x_wconf 92' lang='lat' dir='ltr'>qualia</span> <span class='ocrx_word' id='word_1_144' title='bbox 480 2576 520 2641; x_wconf 88' lang='lat' dir='ltr'>ad</span> <span class='ocrx_word' id='word_1_145' title='bbox 543 2587 730 2663; x_wconf 87' lang='lat' dir='ltr'>apparatum</span> <span class='ocrx_word' id='word_1_146' title='bbox 745 2579 902 2655; x_wconf 86' lang='lat' dir='ltr'>poeticum</span> <span class='ocrx_word' id='word_1_147' title='bbox 917 2579 1086 2663; x_wconf 79' lang='lat' dir='ltr'>pertinent,</span> <span class='ocrx_word' id='word_1_148' title='bbox 1111 2578 1198 2641; x_wconf 83' lang='lat' dir='ltr'>volut</span> <span class='ocrx_word' id='word_1_149' title='bbox 1212 2578 1304 2640; x_wconf 80' lang='lat' dir='ltr'>vallis</span> <span class='ocrx_word' id='word_1_150' title='bbox 1320 2576 1523 2664; x_wconf 76' lang='lat' dir='ltr'>Gargaphiac</span> 
     </span>
     <span class='ocr_line' id='line_1_20' title="bbox 350 2685 1350 2770; baseline 0 -24"><span class='ocrx_word' id='word_1_151' title='bbox 350 2691 380 2746; x_wconf 95' lang='lat' dir='ltr'>et</span> <span class='ocrx_word' id='word_1_152' title='bbox 404 2686 499 2748; x_wconf 85' lang='lat' dir='ltr'>fontis</span> <span class='ocrx_word' id='word_1_153' title='bbox 523 2687 589 2748; x_wconf 89' lang='lat' dir='ltr'>eius</span> <span class='ocrx_word' id='word_1_154' title='bbox 614 2686 824 2749; x_wconf 77' lang='lat' dir='ltr'>amoenissimi</span> <span class='ocrx_word' id='word_1_155' title='bbox 849 2685 1088 2770; x_wconf 84' lang='lat' dir='ltr'>descriptionem</span> <span class='ocrx_word' id='word_1_156' title='bbox 1112 2685 1180 2766; x_wconf 88' lang='lat' dir='ltr'>(Ill</span> <span class='ocrx_word' id='word_1_157' title='bbox 1208 2686 1268 2748; x_wconf 83' lang='lat'>155</span> <span class='ocrx_word' id='word_1_158' title='bbox 1287 2685 1350 2766; x_wconf 82' lang='lat' dir='ltr'>ss).</span> 
     </span>
    </p>

    <p class='ocr_par' dir='ltr' id='par_1_6' title="bbox 349 2790 1524 2984">
     <span class='ocr_line' id='line_1_21' title="bbox 456 2790 1524 2877; baseline 0 -24"><span class='ocrx_word' id='word_1_159' title='bbox 456 2791 652 2864; x_wconf 79' lang='lat' dir='ltr'>Quaerentes</span> <span class='ocrx_word' id='word_1_160' title='bbox 676 2793 748 2874; x_wconf 84' lang='lat' dir='ltr'>iam,</span> <span class='ocrx_word' id='word_1_161' title='bbox 779 2814 854 2854; x_wconf 90' lang='lat' dir='ltr'>num</span> <span class='ocrx_word' id='word_1_162' title='bbox 885 2793 1073 2855; x_wconf 82' lang='lat' dir='ltr'>narrationis</span> <span class='ocrx_word' id='word_1_163' title='bbox 1104 2791 1224 2854; x_wconf 91' lang='lat' dir='ltr'>lumina</span> <span class='ocrx_word' id='word_1_164' title='bbox 1256 2799 1366 2877; x_wconf 88' lang='lat' dir='ltr'>poetae</span> <span class='ocrx_word' id='word_1_165' title='bbox 1397 2790 1524 2853; x_wconf 88' lang='lat' dir='ltr'>cuidam</span> 
     </span>
     <span class='ocr_line' id='line_1_22' title="bbox 349 2897 1521 2984; baseline -0.001 -24"><span class='ocrx_word' id='word_1_166' title='bbox 349 2898 434 2961; x_wconf 84' lang='lat' dir='ltr'>Naso</span> <span class='ocrx_word' id='word_1_167' title='bbox 451 2897 573 2979; x_wconf 84' lang='lat' dir='ltr'>debeat,</span> <span class='ocrx_word' id='word_1_168' title='bbox 598 2900 670 2962; x_wconf 89' lang='lat' dir='ltr'>licet</span> <span class='ocrx_word' id='word_1_169' title='bbox 693 2920 760 2962; x_wconf 88' lang='lat' dir='ltr'>rom</span> <span class='ocrx_word' id='word_1_170' title='bbox 786 2900 950 2962; x_wconf 84' lang='lat' dir='ltr'>absolvere</span> <span class='ocrx_word' id='word_1_171' title='bbox 969 2920 1032 2962; x_wconf 93' lang='lat' dir='ltr'>non</span> <span class='ocrx_word' id='word_1_172' title='bbox 1055 2900 1220 2984; x_wconf 79' lang='lat' dir='ltr'>possimus,</span> <span class='ocrx_word' id='word_1_173' title='bbox 1246 2906 1352 2961; x_wconf 91' lang='lat' dir='ltr'>tamen</span> <span class='ocrx_word' id='word_1_174' title='bbox 1376 2897 1462 2960; x_wconf 92' lang='lat' dir='ltr'>haud</span> <span class='ocrx_word' id='word_1_175' title='bbox 1485 2905 1521 2960; x_wconf 90' lang='lat' dir='ltr'>ut</span> 
     </span>
    </p>
   </div>
   <div class='ocr_carea' id='block_1_4' title="bbox 349 3006 1523 3196">
    <p class='ocr_par' dir='ltr' id='par_1_7' title="bbox 349 3006 1523 3196">
     <span class='ocr_line' id='line_1_23' title="bbox 349 3006 1522 3091; baseline -0.001 -24"><span class='ocrx_word' id='word_1_176' title='bbox 349 3025 440 3090; x_wconf 87' lang='lat' dir='ltr'>spero</span> <span class='ocrx_word' id='word_1_177' title='bbox 456 3006 523 3068; x_wconf 92' lang='lat' dir='ltr'>sine</span> <span class='ocrx_word' id='word_1_178' title='bbox 540 3006 644 3069; x_wconf 88' lang='lat' dir='ltr'>fructu</span> <span class='ocrx_word' id='word_1_179' title='bbox 661 3007 694 3068; x_wconf 92' lang='lat' dir='ltr'>in</span> <span class='ocrx_word' id='word_1_180' title='bbox 710 3007 973 3091; x_wconf 86' lang='lat' dir='ltr'>comparationem</span> <span class='ocrx_word' id='word_1_181' title='bbox 987 3006 1169 3070; x_wconf 81' lang='lat' dir='ltr'>vocabimus</span> <span class='ocrx_word' id='word_1_182' title='bbox 1185 3006 1290 3069; x_wconf 79' lang='lat' dir='ltr'>Nonni</span> <span class='ocrx_word' id='word_1_183' title='bbox 1308 3006 1522 3068; x_wconf 88' lang='lat' dir='ltr'>narrationem</span> 
     </span>
     <span class='ocr_line' id='line_1_24' title="bbox 350 3111 1523 3196; baseline 0.001 -23"><span class='ocrx_word' id='word_1_184' title='bbox 350 3111 504 3192; x_wconf 80' lang='lat' dir='ltr'>(Dionv</span> <span class='ocrx_word' id='word_1_185' title='bbox 532 3113 732 3194; x_wconf 78' lang='lat'>287—551).</span> <span class='ocrx_word' id='word_1_186' title='bbox 780 3115 868 3186; x_wconf 72' lang='lat' dir='ltr'>(luae</span> <span class='ocrx_word' id='word_1_187' title='bbox 900 3134 970 3175; x_wconf 92' lang='lat' dir='ltr'>cum</span> <span class='ocrx_word' id='word_1_188' title='bbox 1001 3112 1040 3175; x_wconf 91' lang='lat' dir='ltr'>ab</span> <span class='ocrx_word' id='word_1_189' title='bbox 1071 3112 1227 3177; x_wconf 83' lang='lat' dir='ltr'>Ovidiaua</span> <span class='ocrx_word' id='word_1_190' title='bbox 1261 3112 1459 3196; x_wconf 90' lang='lat' dir='ltr'>simplicitate</span> <span class='ocrx_word' id='word_1_191' title='bbox 1491 3118 1523 3174; x_wconf 88' lang='lat' dir='ltr'>ct</span> 
     </span>
    </p>
   </div>
   <div class='ocr_carea' id='block_1_5' title="bbox 255 3218 1521 3304">
    <p class='ocr_par' dir='ltr' id='par_1_8' title="bbox 255 3218 1521 3304">
     <span class='ocr_line' id='line_1_25' title="bbox 255 3218 1521 3304; baseline -0.002 -19"><span class='ocrx_word' id='word_1_192' title='bbox 255 3279 258 3285; x_wconf 94' lang='lat'>.</span> <span class='ocrx_word' id='word_1_193' title='bbox 350 3220 507 3302; x_wconf 82' lang='lat' dir='ltr'>elegantia</span> <span class='ocrx_word' id='word_1_194' title='bbox 531 3221 711 3304; x_wconf 87' lang='lat' dir='ltr'>longissime</span> <span class='ocrx_word' id='word_1_195' title='bbox 741 3228 860 3282; x_wconf 87' lang='lat' dir='ltr'>remota</span> <span class='ocrx_word' id='word_1_196' title='bbox 884 3220 933 3301; x_wconf 75' lang='lat' dir='ltr'>sit,</span> <span class='ocrx_word' id='word_1_197' title='bbox 969 3220 1028 3282; x_wconf 89' lang='lat' dir='ltr'>hac</span> <span class='ocrx_word' id='word_1_198' title='bbox 1064 3241 1138 3282; x_wconf 91' lang='lat' dir='ltr'>sanc</span> <span class='ocrx_word' id='word_1_199' title='bbox 1174 3222 1206 3282; x_wconf 92' lang='lat' dir='ltr'>in</span> <span class='ocrx_word' id='word_1_200' title='bbox 1241 3241 1275 3281; x_wconf 89' lang='lat' dir='ltr'>re</span> <span class='ocrx_word' id='word_1_201' title='bbox 1312 3240 1383 3282; x_wconf 92' lang='lat' dir='ltr'>cum</span> <span class='ocrx_word' id='word_1_202' title='bbox 1407 3218 1521 3283; x_wconf 77' lang='lat' dir='ltr'>Ouidio</span> 
     </span>
    </p>
   </div>
   <div class='ocr_carea' id='block_1_6' title="bbox 348 3327 1523 3949">
    <p class='ocr_par' dir='ltr' id='par_1_9' title="bbox 348 3327 1523 3605">
     <span class='ocr_line' id='line_1_26' title="bbox 348 3327 1522 3412; baseline -0.001 -23"><span class='ocrx_word' id='word_1_203' title='bbox 348 3328 501 3410; x_wconf 74' lang='lat' dir='ltr'>congruit,</span> <span class='ocrx_word' id='word_1_204' title='bbox 525 3327 716 3391; x_wconf 85' lang='lat' dir='ltr'>Actaeonem</span> <span class='ocrx_word' id='word_1_205' title='bbox 734 3334 888 3390; x_wconf 88' lang='lat' dir='ltr'>mutatum</span> <span class='ocrx_word' id='word_1_206' title='bbox 912 3327 1059 3412; x_wconf 91' lang='lat' dir='ltr'>loquendi</span> <span class='ocrx_word' id='word_1_207' title='bbox 1085 3327 1212 3410; x_wconf 91' lang='lat' dir='ltr'>quidem</span> <span class='ocrx_word' id='word_1_208' title='bbox 1237 3327 1419 3390; x_wconf 89' lang='lat' dir='ltr'>facultatem</span> <span class='ocrx_word' id='word_1_209' title='bbox 1444 3327 1522 3388; x_wconf 91' lang='lat' dir='ltr'>ami-</span> 
     </span>
     <span class='ocr_line' id='line_1_27' title="bbox 349 3431 1523 3518; baseline 0 -24"><span class='ocrx_word' id='word_1_210' title='bbox 349 3434 435 3516; x_wconf 80' lang='lat' dir='ltr'>sisse,</span> <span class='ocrx_word' id='word_1_211' title='bbox 459 3441 596 3496; x_wconf 92' lang='lat' dir='ltr'>mentem</span> <span class='ocrx_word' id='word_1_212' title='bbox 612 3441 716 3497; x_wconf 90' lang='lat' dir='ltr'>tamen</span> <span class='ocrx_word' id='word_1_213' title='bbox 732 3434 900 3497; x_wconf 91' lang='lat' dir='ltr'>humanam</span> <span class='ocrx_word' id='word_1_214' title='bbox 917 3434 1082 3497; x_wconf 86' lang='lat' dir='ltr'>retinuisse</span> <span class='ocrx_word' id='word_1_215' title='bbox 1095 3431 1142 3516; x_wconf 78' lang='grc'>17).</span> <span class='ocrx_word' id='word_1_216' title='bbox 1183 3433 1276 3507; x_wconf 80' lang='lat' dir='ltr'>Quod</span> <span class='ocrx_word' id='word_1_217' title='bbox 1299 3432 1404 3518; x_wconf 92' lang='lat' dir='ltr'>lepide</span> <span class='ocrx_word' id='word_1_218' title='bbox 1421 3434 1523 3498; x_wconf 89' lang='lat' dir='ltr'>variat</span> 
     </span>
     <span class='ocr_line' id='line_1_28' title="bbox 349 3540 699 3605; baseline 0.003 -2"><span class='ocrx_word' id='word_1_219' title='bbox 349 3540 481 3603; x_wconf 80' lang='lat' dir='ltr'>Ovidius</span> <span class='ocrx_word' id='word_1_220' title='bbox 504 3564 534 3605; x_wconf 85' lang='lat' dir='ltr'>v.</span> <span class='ocrx_word' id='word_1_221' title='bbox 553 3542 613 3604; x_wconf 80' lang='lat'>201</span> <span class='ocrx_word' id='word_1_222' title='bbox 642 3564 699 3605; x_wconf 79' lang='lat' dir='ltr'>ss:</span> 
     </span>
    </p>

    <p class='ocr_par' dir='ltr' id='par_1_10' title="bbox 460 3648 1417 3726">
     <span class='ocr_line' id='line_1_29' title="bbox 460 3648 1417 3726; baseline -0.003 -16"><span class='ocrx_word' id='word_1_223' title='bbox 460 3649 538 3726; x_wconf 69' lang='lat' dir='ltr'>„‘me</span> <span class='ocrx_word' id='word_1_224' title='bbox 561 3649 736 3711; x_wconf 83' lang='lat' dir='ltr'>miseruml&#39;</span> <span class='ocrx_word' id='word_1_225' title='bbox 763 3648 901 3711; x_wconf 86' lang='lat' dir='ltr'>dicturus</span> <span class='ocrx_word' id='word_1_226' title='bbox 926 3655 1006 3712; x_wconf 88' lang='lat' dir='ltr'>erat:</span> <span class='ocrx_word' id='word_1_227' title='bbox 1032 3670 1096 3713; x_wconf 81' lang='lat' dir='ltr'>vox</span> <span class='ocrx_word' id='word_1_228' title='bbox 1120 3649 1208 3711; x_wconf 89' lang='lat' dir='ltr'>nulla</span> <span class='ocrx_word' id='word_1_229' title='bbox 1233 3654 1339 3711; x_wconf 88' lang='lat' dir='ltr'>secuta</span> <span class='ocrx_word' id='word_1_230' title='bbox 1363 3653 1417 3709; x_wconf 85' lang='lat' dir='ltr'>est.</span> 
     </span>
    </p>

    <p class='ocr_par' dir='ltr' id='par_1_11' title="bbox 457 3756 1278 3841">
     <span class='ocr_line' id='line_1_30' title="bbox 457 3756 1278 3841; baseline 0 -24"><span class='ocrx_word' id='word_1_231' title='bbox 457 3756 624 3840; x_wconf 81' lang='lat' dir='ltr'>ingeumit:</span> <span class='ocrx_word' id='word_1_232' title='bbox 650 3778 712 3819; x_wconf 81' lang='lat' dir='ltr'>vox</span> <span class='ocrx_word' id='word_1_233' title='bbox 736 3756 791 3817; x_wconf 91' lang='lat' dir='ltr'>illa</span> <span class='ocrx_word' id='word_1_234' title='bbox 816 3756 884 3838; x_wconf 82' lang='lat' dir='ltr'>fuit,</span> <span class='ocrx_word' id='word_1_235' title='bbox 910 3757 1119 3841; x_wconf 88' lang='lat' dir='ltr'>lacrimaeque</span> <span class='ocrx_word' id='word_1_236' title='bbox 1143 3778 1199 3841; x_wconf 88' lang='lat' dir='ltr'>per</span> <span class='ocrx_word' id='word_1_237' title='bbox 1223 3777 1278 3818; x_wconf 93' lang='lat' dir='ltr'>ora</span> 
     </span>
    </p>

    <p class='ocr_par' dir='ltr' id='par_1_12' title="bbox 456 3863 1376 3949">
     <span class='ocr_line' id='line_1_31' title="bbox 456 3863 1376 3949; baseline 0 -25"><span class='ocrx_word' id='word_1_238' title='bbox 456 3884 519 3924; x_wconf 91' lang='lat' dir='ltr'>non</span> <span class='ocrx_word' id='word_1_239' title='bbox 543 3885 599 3925; x_wconf 87' lang='lat' dir='ltr'>sua</span> <span class='ocrx_word' id='word_1_240' title='bbox 622 3864 796 3945; x_wconf 81' lang='lat' dir='ltr'>fluxerunt3</span> <span class='ocrx_word' id='word_1_241' title='bbox 822 3884 908 3926; x_wconf 91' lang='lat' dir='ltr'>mens</span> <span class='ocrx_word' id='word_1_242' title='bbox 932 3871 1053 3927; x_wconf 90' lang='lat' dir='ltr'>tanturn</span> <span class='ocrx_word' id='word_1_243' title='bbox 1077 3865 1209 3949; x_wconf 89' lang='lat' dir='ltr'>pristina</span> <span class='ocrx_word' id='word_1_244' title='bbox 1233 3863 1376 3925; x_wconf 85' lang='lat' dir='ltr'>mansit.“</span> 
     </span>
    </p>
   </div>
   <div class='ocr_carea' id='block_1_7' title="bbox 349 4000 1526 4700">
    <p class='ocr_par' dir='ltr' id='par_1_13' title="bbox 349 4000 1526 4609">
     <span class='ocr_line' id='line_1_32' title="bbox 458 4000 1525 4073; baseline -0.003 -17"><span class='ocrx_word' id='word_1_245' title='bbox 458 4004 490 4072; x_wconf 74' lang='lat'>¹⁰)</span> <span class='ocrx_word' id='word_1_246' title='bbox 509 4005 606 4073; x_wconf 84' lang='lat' dir='ltr'>Hygini</span> <span class='ocrx_word' id='word_1_247' title='bbox 626 4004 737 4058; x_wconf 91' lang='lat' dir='ltr'>duorum</span> <span class='ocrx_word' id='word_1_248' title='bbox 763 4006 942 4073; x_wconf 75' lang='lat' dir='ltr'>crrtrlogorum</span> <span class='ocrx_word' id='word_1_249' title='bbox 968 4006 1079 4057; x_wconf 85' lang='lat' dir='ltr'>alterum</span> <span class='ocrx_word' id='word_1_250' title='bbox 1106 4021 1138 4056; x_wconf 83' lang='lat' dir='ltr'>ex</span> <span class='ocrx_word' id='word_1_251' title='bbox 1158 4003 1251 4056; x_wconf 83' lang='lat' dir='ltr'>Ovidio</span> <span class='ocrx_word' id='word_1_252' title='bbox 1278 4002 1387 4055; x_wconf 82' lang='lat' dir='ltr'>fluxisse</span> <span class='ocrx_word' id='word_1_253' title='bbox 1414 4009 1439 4054; x_wconf 89' lang='lat' dir='ltr'>et</span> <span class='ocrx_word' id='word_1_254' title='bbox 1458 4000 1525 4054; x_wconf 87' lang='lat' dir='ltr'>ordo</span> 
     </span>
     <span class='ocr_line' id='line_1_33' title="bbox 351 4093 1524 4159; baseline -0.003 -13"><span class='ocrx_word' id='word_1_255' title='bbox 351 4097 483 4147; x_wconf 87' lang='lat' dir='ltr'>nominum</span> <span class='ocrx_word' id='word_1_256' title='bbox 513 4094 590 4147; x_wconf 90' lang='lat' dir='ltr'>docet</span> <span class='ocrx_word' id='word_1_257' title='bbox 618 4101 643 4146; x_wconf 89' lang='lat' dir='ltr'>et</span> <span class='ocrx_word' id='word_1_258' title='bbox 671 4102 724 4146; x_wconf 90' lang='lat' dir='ltr'>tres</span> <span class='ocrx_word' id='word_1_259' title='bbox 752 4110 831 4147; x_wconf 76' lang='lat' dir='ltr'>caries</span> <span class='ocrx_word' id='word_1_260' title='bbox 858 4097 968 4147; x_wconf 89' lang='lat' dir='ltr'>seorsim</span> <span class='ocrx_word' id='word_1_261' title='bbox 994 4097 1019 4146; x_wconf 90' lang='lat' dir='ltr'>in</span> <span class='ocrx_word' id='word_1_262' title='bbox 1047 4095 1097 4147; x_wconf 90' lang='lat' dir='ltr'>tine</span> <span class='ocrx_word' id='word_1_263' title='bbox 1126 4095 1279 4158; x_wconf 87' lang='lat' dir='ltr'>enumerati,</span> <span class='ocrx_word' id='word_1_264' title='bbox 1311 4094 1356 4158; x_wconf 87' lang='lat' dir='ltr'>qui</span> <span class='ocrx_word' id='word_1_265' title='bbox 1387 4093 1464 4159; x_wconf 83' lang='lat' dir='ltr'>primi</span> <span class='ocrx_word' id='word_1_266' title='bbox 1497 4093 1524 4143; x_wconf 93' lang='lat' dir='ltr'>in</span> 
     </span>
     <span class='ocr_line' id='line_1_34' title="bbox 349 4181 1526 4253; baseline -0.003 -17"><span class='ocrx_word' id='word_1_267' title='bbox 349 4188 510 4237; x_wconf 82' lang='lat' dir='ltr'>Actaeonem</span> <span class='ocrx_word' id='word_1_268' title='bbox 531 4187 661 4237; x_wconf 85' lang='lat' dir='ltr'>irruerint.</span> <span class='ocrx_word' id='word_1_269' title='bbox 681 4185 758 4236; x_wconf 85' lang='lat' dir='ltr'>Alter</span> <span class='ocrx_word' id='word_1_270' title='bbox 776 4191 864 4237; x_wconf 83' lang='lat' dir='ltr'>autem</span> <span class='ocrx_word' id='word_1_271' title='bbox 883 4186 1073 4253; x_wconf 85' lang='lat' dir='ltr'>quinquaginta</span> <span class='ocrx_word' id='word_1_272' title='bbox 1092 4183 1147 4236; x_wconf 81' lang='lat' dir='ltr'>lere</span> <span class='ocrx_word' id='word_1_273' title='bbox 1168 4185 1273 4236; x_wconf 86' lang='lat' dir='ltr'>nomina</span> <span class='ocrx_word' id='word_1_274' title='bbox 1294 4182 1400 4234; x_wconf 84' lang='lat' dir='ltr'>exhibet</span> <span class='ocrx_word' id='word_1_275' title='bbox 1420 4181 1526 4234; x_wconf 88' lang='lat' dir='ltr'>diversa</span> 
     </span>
     <span class='ocr_line' id='line_1_35' title="bbox 350 4271 1525 4342; baseline -0.001 -18"><span class='ocrx_word' id='word_1_276' title='bbox 350 4275 437 4325; x_wconf 89' lang='lat' dir='ltr'>omnia</span> <span class='ocrx_word' id='word_1_277' title='bbox 455 4274 488 4325; x_wconf 88' lang='lat' dir='ltr'>ah</span> <span class='ocrx_word' id='word_1_278' title='bbox 503 4273 597 4325; x_wconf 67' lang='lat' dir='ltr'>(lindio</span> <span class='ocrx_word' id='word_1_279' title='bbox 616 4280 721 4340; x_wconf 90' lang='lat' dir='ltr'>praeter</span> <span class='ocrx_word' id='word_1_280' title='bbox 741 4273 800 4326; x_wconf 90' lang='lat' dir='ltr'>duo.</span> <span class='ocrx_word' id='word_1_281' title='bbox 821 4276 857 4325; x_wconf 91' lang='lat' dir='ltr'>At</span> <span class='ocrx_word' id='word_1_282' title='bbox 870 4275 990 4342; x_wconf 83' lang='lat' dir='ltr'>Hyginus</span> <span class='ocrx_word' id='word_1_283' title='bbox 1009 4275 1034 4324; x_wconf 91' lang='lat' dir='ltr'>in</span> <span class='ocrx_word' id='word_1_284' title='bbox 1055 4273 1151 4325; x_wconf 80' lang='lat' dir='ltr'>talibus</span> <span class='ocrx_word' id='word_1_285' title='bbox 1165 4287 1353 4340; x_wconf 84' lang='lat' dir='ltr'>saepenumero</span> <span class='ocrx_word' id='word_1_286' title='bbox 1367 4271 1400 4323; x_wconf 89' lang='lat' dir='ltr'>ab</span> <span class='ocrx_word' id='word_1_287' title='bbox 1413 4271 1525 4337; x_wconf 92' lang='lat' dir='ltr'>Apollo-</span> 
     </span>
     <span class='ocr_line' id='line_1_36' title="bbox 349 4360 1526 4430; baseline -0.003 -16"><span class='ocrx_word' id='word_1_288' title='bbox 349 4362 413 4415; x_wconf 90' lang='lat' dir='ltr'>doro</span> <span class='ocrx_word' id='word_1_289' title='bbox 437 4362 554 4414; x_wconf 87' lang='lat' dir='ltr'>eiusdem</span> <span class='ocrx_word' id='word_1_290' title='bbox 578 4362 726 4429; x_wconf 88' lang='lat' dir='ltr'>compendii</span> <span class='ocrx_word' id='word_1_291' title='bbox 752 4365 924 4430; x_wconf 89' lang='lat' dir='ltr'>epitomatore</span> <span class='ocrx_word' id='word_1_292' title='bbox 949 4362 1081 4414; x_wconf 87' lang='lat' dir='ltr'>abhorret.</span> <span class='ocrx_word' id='word_1_293' title='bbox 1119 4363 1158 4414; x_wconf 90' lang='lat' dir='ltr'>lta</span> <span class='ocrx_word' id='word_1_294' title='bbox 1182 4369 1287 4414; x_wconf 89' lang='lat' dir='ltr'>eentum</span> <span class='ocrx_word' id='word_1_295' title='bbox 1312 4363 1417 4413; x_wconf 75' lang='lat' dir='ltr'>nornine.</span> <span class='ocrx_word' id='word_1_296' title='bbox 1436 4360 1526 4412; x_wconf 89' lang='lat' dir='ltr'>Danai</span> 
     </span>
     <span class='ocr_line' id='line_1_37' title="bbox 349 4449 1526 4519; baseline -0.001 -16"><span class='ocrx_word' id='word_1_297' title='bbox 349 4452 462 4503; x_wconf 87' lang='lat' dir='ltr'>tiliarum</span> <span class='ocrx_word' id='word_1_298' title='bbox 490 4460 516 4503; x_wconf 90' lang='lat' dir='ltr'>et</span> <span class='ocrx_word' id='word_1_299' title='bbox 542 4468 699 4519; x_wconf 90' lang='lat' dir='ltr'>generorum</span> <span class='ocrx_word' id='word_1_300' title='bbox 727 4454 814 4503; x_wconf 86' lang='lat' dir='ltr'>omnia</span> <span class='ocrx_word' id='word_1_301' title='bbox 842 4455 944 4519; x_wconf 77' lang='lat' dir='ltr'>exephs</span> <span class='ocrx_word' id='word_1_302' title='bbox 973 4453 1064 4515; x_wconf 84' lang='lat' dir='ltr'>viginti</span> <span class='ocrx_word' id='word_1_303' title='bbox 1095 4449 1148 4503; x_wconf 88' lang='lat' dir='ltr'>fere</span> <span class='ocrx_word' id='word_1_304' title='bbox 1177 4450 1281 4503; x_wconf 87' lang='lat' dir='ltr'>diversa</span> <span class='ocrx_word' id='word_1_305' title='bbox 1309 4450 1417 4518; x_wconf 79' lang='lat' dir='ltr'>praehet</span> <span class='ocrx_word' id='word_1_306' title='bbox 1444 4455 1526 4514; x_wconf 85' lang='lat' dir='ltr'>atque</span> 
     </span>
     <span class='ocr_line' id='line_1_38' title="bbox 349 4540 1036 4609; baseline -0.003 -16"><span class='ocrx_word' id='word_1_307' title='bbox 349 4540 528 4609; x_wconf 88' lang='lat' dir='ltr'>Apollodorus</span> <span class='ocrx_word' id='word_1_308' title='bbox 547 4540 785 4609; x_wconf 80' lang='lat' dir='ltr'>(cl.Hyg.f.170;</span> <span class='ocrx_word' id='word_1_309' title='bbox 805 4541 866 4593; x_wconf 88' lang='lat' dir='ltr'>bibl.</span> <span class='ocrx_word' id='word_1_310' title='bbox 882 4541 907 4592; x_wconf 92' lang='lat' dir='ltr'>ll</span> <span class='ocrx_word' id='word_1_311' title='bbox 930 4543 961 4593; x_wconf 86' lang='grc'>16</span> <span class='ocrx_word' id='word_1_312' title='bbox 981 4545 1036 4607; x_wconf 81' lang='lat' dir='ltr'>ss).</span> 
     </span>
    </p>

    <p class='ocr_par' dir='ltr' id='par_1_14' title="bbox 458 4628 1422 4700">
     <span class='ocr_line' id='line_1_39' title="bbox 458 4628 1422 4700; baseline -0.003 -17"><span class='ocrx_word' id='word_1_313' title='bbox 458 4630 488 4700; x_wconf 79' lang='lat'>¹⁷)</span> <span class='ocrx_word' id='word_1_314' title='bbox 509 4631 543 4683; x_wconf 89' lang='lat' dir='ltr'>W</span> <span class='ocrx_word' id='word_1_315' title='bbox 546 4632 629 4683; x_wconf 83' lang='lat' dir='ltr'>eutzel</span> <span class='ocrx_word' id='word_1_316' title='bbox 651 4633 676 4682; x_wconf 90' lang='lat' dir='ltr'>in</span> <span class='ocrx_word' id='word_1_317' title='bbox 697 4631 873 4700; x_wconf 83' lang='lat' dir='ltr'>Pauly-Wiss.</span> <span class='ocrx_word' id='word_1_318' title='bbox 888 4633 938 4682; x_wconf 85' lang='lat' dir='ltr'>lex.</span> <span class='ocrx_word' id='word_1_319' title='bbox 953 4647 972 4683; x_wconf 86' lang='lat' dir='ltr'>s.</span> <span class='ocrx_word' id='word_1_320' title='bbox 988 4648 1010 4681; x_wconf 77' lang='lat' dir='ltr'>r.</span> <span class='ocrx_word' id='word_1_321' title='bbox 1025 4630 1154 4698; x_wconf 73' lang='lat' dir='ltr'>Attaiem</span> <span class='ocrx_word' id='word_1_322' title='bbox 1175 4628 1259 4695; x_wconf 78' lang='lat' dir='ltr'>vell,</span> <span class='ocrx_word' id='word_1_323' title='bbox 1280 4630 1328 4681; x_wconf 92' lang='lat' dir='ltr'>col.</span> <span class='ocrx_word' id='word_1_324' title='bbox 1347 4633 1422 4680; x_wconf 78' lang='lat'>1210.</span> 
     </span>
    </p>
   </div>
   <div class='ocr_carea' id='block_1_8' title="bbox 0 0 1880 5592">
    <p class='ocr_par' dir='ltr' id='par_1_15' title="bbox 0 0 1880 5592">
     <span class='ocr_line' id='line_1_40' title="bbox 0 0 1880 5592; baseline 0 0"><span class='ocrx_word' id='word_1_325' title='bbox 0 0 1880 5592; x_wconf 95' lang='lat' dir='ltr'> </span> 
     </span>
    </p>
   </div>
  </div>
 </body>
</html>
