3750 5592
828 595 1046 657 ..23-

349 790 432 865 Quid
456 790 574 877 igitur?
607 812 712 855 nonno
735 791 794 855 hac
809 812 851 855 ex
866 813 900 855 re
924 793 1051 877 plenam
1074 792 1176 855 lucem
1200 793 1356 877 accipiunt
1372 793 1519 858 Ouidiani

349 900 394 962 illi
418 921 539 983 uersus⁷
564 921 642 984 quos
666 922 762 984 supra
782 900 955 985 adscripsi?
981 899 1044 962 Sed
1067 909 1103 964 ut
1125 902 1238 963 melius
1261 901 1442 987 perspicias,
1467 924 1522 965 cur

348 1007 482 1071 Ovidius
504 1030 556 1071 eos
573 1008 739 1090 addiderit,
765 1009 834 1092 leg
797 1031 834 1068 ιι
858 1010 935 1071 hacc
949 1007 1136 1138 Apollodqri
1161 1009 1258 1071 verba
1272 1008 1354 1071 Ριιι
1356 1009 1407 1072 hoi
1432 1010 1522 1073 fabu-

350 1116 397 1178 lae
422 1115 587 1178 subiuncta
618 1115 686 1196 (lll
711 1060 783 1198 3l):
818 1114 864 1178 oei
866 1117 926 1187 ιξιτ
949 1115 984 1178 ιιὲ
1008 1116 1085 1198 θιβι
1084 1114 1158 1183 rior:
1180 1138 1227 1178 ore
1218 1114 1333 1183 ridel:

455 1223 620 1308 churgus
656 1229 709 1286 aut
711 1244 760 1285 cm
796 1224 906 1286 scelost
894 1229 944 1285 tus
981 1237 1072 1309 praet
1074 1245 1108 1286 or
1131 1223 1213 1286 Pcnt
1214 1154 1373 1287 ιιιιιιιιιι
1342 1141 1521 1309 tffipiratas

349 1333 380 1393 in
409 1332 476 1394 loco
508 1333 562 1393 illo
586 1330 820 1415 Minyadumf
805 1328 932 1393 fabulae
963 1332 1134 1416 praemisso
1165 1339 1388 1394 commemora
1390 1353 1436 1415 ur
1468 1334 1522 1396 ubi

347 1437 463 1501 Bacchi
489 1441 616 1502 nomina
640 1447 863 1502 enumerantur
888 1439 1033 1522 factaque
1056 1439 1257 1501 celebrantur
1282 1439 1367 1520 (mot.
1383 1439 1433 1503 IV
1455 1443 1520 1523 22).

456 1546 544 1619 Quae
577 1544 714 1631 deniquo
745 1545 841 1630 Argis
876 1546 960 1609 faeta
992 1551 1096 1609 essent
1128 1544 1262 1609 Ovidius
1298 1555 1418 1610 tantum
1451 1569 1522 1633 per-

348 1654 505 1738 stringens
528 1653 661 1716 Penthei
696 1653 968 1738 obiurgationibus
999 1654 1124 1716 inclusit
1148 1653 1216 1734 (ΙΙΙ
1242 1655 1304 1716 559
1319 1654 1366 1736 s)
1415 1654 1522 1739 Atque

348 1761 432 1824 idem
456 1767 503 1824 est
531 1762 635 1824 exitus
666 1761 751 1845 apud
774 1761 923 1824 Ovidium
954 1769 1048 1845 atquo
1079 1760 1163 1846 apud
1186 1760 1427 1846 Apollodorum,
1452 1784 1521 1825 cum

268 1868 271 1873 ’
348 1875 568 1932 commemoret
587 1876 681 1952 poeta
704 1868 873 1949 Bacchum,
898 1875 1064 1954 postquam
1087 1868 1205 1953 ubique
1229 1865 1377 1930 adoratus
1403 1872 1442 1932 sit
1459 1869 1522 1950 (IV

348 1976 477 2059 coos),
502 1976 622 2039 eaelum
640 1975 829 2039 andem
783 1998 815 2038 m
817 1983 928 2038 rorsse
946 1975 1113 2057 (Ν614)
1151 1974 1213 2039 Sed
1231 1975 1308 2038 haec
1323 1984 1393 2059 pos
1382 1976 1520 2039 thdmi

347 2083 562 2146 uanslormat
541 2090 657 2146 tionem
675 2082 798 2145 demum
816 2082 949 2145 Ouidius
974 2081 1123 2164 affor,u
1124 2083 1263 2145 ttransit
1264 2104 1338 2145 um
1333 2082 1372 2144 ad
1387 2084 1431 2145 alt
1420 2096 1520 2146 terum

347 2190 438 2254 Jovis
463 2190 572 2272 filium,
602 2190 755 2252 Perseum
779 2189 897 2252 seilicet
885 2196 1045 2273 t,aptum
1069 2190 1126 2253 sibi
1156 2196 1317 2273 comparet
1341 2188 1439 2274 (e..fp
1457 2191 1521 2271 ll).

347 2298 482 2360 Restant
508 2296 585 2359 Inus
614 2306 644 2360 et
667 2297 867 2360 Athamantis
897 2241 982 2377 (ιιιιι.
999 2295 1048 2359 Ν
1072 2297 1262 2377 erc-562)
1292 2305 1386 2381 atquc
1411 2295 1521 2360 Cadmi

348 2412 379 2468 ot
393 2404 588 2467 Harmoniae
606 2406 638 2467 in
654 2426 772 2488 angues
790 2404 1083 2468 transformatorum
1099 2403 1162 2484 (Ν
1178 2404 1366 2486 563-603)
1383 2404 1520 2467 fabulae..

348 2512 388 2574 ln
403 2513 458 2573 illa
481 2511 639 2574 narranda
656 2510 798 2592 Ovidius,
822 2519 945 2574 utrum
958 2510 1102 2595 Vergilio
1118 2517 1262 2592 certaret,
1288 2511 1359 2573 Orci
1376 2511 1520 2596 Tisipho-

349 2640 471 2703 nacquc
506 2617 746 2703 descriptionem
785 2616 908 2680 addidit
943 2617 1006 2697 (Ν
1030 2618 1235 2699 lac-511),
1271 2617 1394 2680 addidit
1428 2619 1522 2680 otiam

348 2726 424 2788 qus
442 2727 590 2789 comitum
607 2726 813 2787 mutationem
826 2724 888 2806 (Ν
902 2724 1101 2805 543-562).
1127 2724 1280 2787 Ultimam
1295 2734 1399 2788 autom
1411 2724 1521 2787 Cadmi

348 2841 462 2895 sortem
487 2833 650 2918 proferens
666 2831 799 2896 Ovidius
823 2834 938 2895 omissa
962 2831 1094 2894 obscura
1118 2831 1173 2892 illa
1188 2831 1292 2894 herois
1312 2853 1381 2894 curn
1400 2831 1522 2895 Enche-

349 2940 449 3002 leibus
472 2948 580 3004 contra
603 2940 732 3025 Illyrios
757 2941 872 3002 factam
896 2939 1130 3024 expeditionem
1156 2936 1253 3024 (Apd.
1272 2939 1397 3021 11139)
1422 2945 1522 3002 artem

348 3068 437 3109 suam
460 3049 493 3110 in
516 3048 616 3133 ipsam
640 3048 845 3109 mutationem
869 3046 1102 3132 depingendam
1126 3047 1265 3108 contulit.

455 3153 489 3216 Si
513 3156 608 3238 igitur
631 3161 715 3217 recte
744 3153 982 3238 disputavimus,
1014 3161 1195 3217 contextum
1225 3152 1414 3237 fabularum,
1440 3176 1520 3239 quac

349 3259 387 3324 do
402 3260 531 3345 Europa
547 3261 666 3324 Cadmo
690 3263 819 3346 eiusque
843 3269 936 3346 gente
961 3269 1042 3344 sunt,
1067 3261 1200 3326 Ouidius
1217 3261 1400 3346 compendio
1418 3262 1521 3347 debet,
1593 3322 1595 3326 .

347 3370 435 3432 cuius
465 3390 571 3431 rerum
601 3369 743 3431 ordinem
771 3369 811 3432 ad
844 3369 1007 3432 libidinem
1038 3378 1091 3431 aut
1124 3372 1262 3434 servavit
1293 3376 1347 3432 aut
1379 3371 1521 3452 mutavit,

347 3496 507 3644 nequou
473 3476 568 3538 anxio
592 3476 722 3558 curavit,
751 3484 785 3538 ut
809 3477 1033 3539 narrationist
1034 3498 1110 3539 enor
1133 3476 1250 3561 ubique
1274 3476 1332 3539 sibi
1357 3483 1521 3539 constaret.

347 3583 460 3646 Restat
510 3583 776 3666 texamincmus⁷
806 3606 879 3646 num
903 3592 994 3668 praet
997 3604 1069 3645 eroa
1093 3589 1165 3668 poot
1167 3605 1256 3646 arum
1285 3584 1423 3646 carmina
1447 3585 1523 3645 asci-

305 3765 317 3776 ..
348 3691 439 3772 verit,
464 3711 500 3752 ac
523 3692 547 3751 si
574 3711 654 3775 quae
678 3689 858 3754 adhibuerit
847 3690 1055 3775 t,quomodo
1080 3712 1117 3753 ea
1145 3688 1186 3752 ad
1214 3712 1305 3753 usum
1336 3711 1427 3752 suurn
1451 3710 1522 3753 con-

348 3796 542 3861 formaverit.

460 3905 504 3967 llo
528 3904 689 3967 Penthei
715 3904 825 3967 fabula
848 3903 1004 3967 Ouidiana
1029 3904 1099 3985 (HI
1124 3904 1312 3987 orl—733)
1338 3903 1525 3968 G.Knaack

348 4013 494 4096 exposuit
517 4020 642 4096 poetam
667 4010 744 4074 duas
768 4013 975 4092 narrationes,
999 4010 1161 4096 Euripidis
1186 4011 1301 4073 scilicet
1327 4011 1523 4095 tragoediam

348 4126 380 4180 ct
402 4117 569 4180 Theocrito
602 4118 686 4203 quod
719 4118 798 4181 falso
832 4118 988 4181 addicitur
1021 4118 1173 4203 epyllium
1205 4117 1322 4181 XXVI
1358 4118 1523 4182 artificiose

348 4225 575 4287 contaminasse
605 4225 712 4306 (Auel.
734 4226 937 4288 illos-lum.
964 4224 1111 4288 Groifsw.
1133 4225 1228 4307 1880,
1253 4247 1283 4309 p.
1305 4227 1345 4287 58
1368 4225 1433 4305 ss).
1479 4226 1524 4288 Ut

348 4336 453 4394 autom
476 4340 547 4416 post
570 4330 772 4395 Knaackium
796 4332 836 4394 ad
859 4332 993 4394 Penthei
1026 4331 1167 4395 fabulam
1191 4331 1322 4412 adirem,
1353 4334 1451 4395 morit
1474 4353 1524 4394 rno

349 4439 491 4524 quaestio
508 4441 685 4524 gravissimi
710 4441 859 4502 momenti
885 4439 933 4501 fut
899 4445 992 4501 uura
1016 4441 1054 4521 ei,
1080 4441 1134 4523 qui
1159 4439 1198 4501 do
1215 4438 1331 4502 Ouidio
1349 4439 1523 4523 compendii

348 4545 551 4629 mvholocrci
577 4548 731 4611 imitatore
755 4545 903 4630 disputat.
946 4546 1091 4631 lpqare
1115 4548 1198 4608 onim
1223 4545 1372 4609 Ovidium
1398 4546 1523 4609 fabulas

348 4672 477 4720 narra’uo
510 4655 607 4721 notiss
602 4654 688 4718 imas
719 4675 821 4743 nequo
853 4674 976 4740 paucas,
1011 4674 1091 4740 quae
1122 4655 1185 4718 iam
1213 4675 1232 4717 a
1259 4654 1385 4739 tragicis
1418 4653 1518 4742 poetis
