3750 5592
830 627 1028 689 -9-

344 823 447 884 lenum
472 822 619 885 incidisse
638 830 669 885 et
688 822 728 886 ab
748 844 784 885 eo
802 824 840 886 de
865 825 986 909 reliquo
1007 825 1118 886 itinere
1140 822 1265 885 doctum
1285 844 1352 886 esse
1367 824 1512 906 (--1462).

308 968 312 976 ·
341 929 436 992 Unde
448 930 624 1014 profectum
636 931 738 1015 plenis
751 933 954 1014 navigantem
968 932 1056 1014 velis,
1069 930 1122 994 ubi
1134 933 1272 1016 primum
1285 931 1351 992 dies
1363 932 1514 1012 illuxerit,

341 1035 455 1099 Italiac
474 1058 560 1100 oram
577 1039 762 1100 orientalem
777 1039 906 1121 cepisse.
925 1038 1001 1100 Mox
1019 1040 1050 1100 in
1071 1037 1211 1101 Siciliam
1229 1039 1392 1101 traiectum
1409 1039 1513 1101 vitatis

341 1144 449 1227 Scylla
462 1152 494 1207 et
510 1144 670 1228 Charybdi
684 1146 814 1208 classem
832 1145 912 1208 litori
931 1147 1090 1230 appulisse
1105 1167 1202 1230 prope
1217 1143 1352 1207 Aetnam
1366 1152 1512 1207 montem.

453 1250 539 1314 ldem
554 1260 600 1315 est
614 1252 822 1315 Troianorum
838 1254 897 1315 iter
917 1253 1001 1337 apud
1016 1252 1162 1315 tlvidium
1183 1252 1397 1332 (tto-723),
1415 1270 1514 1333 eaque

341 1357 495 1420 brevitate
519 1381 568 1421 res
585 1364 762 1442 narrantur,
788 1367 822 1422 ut
845 1361 995 1423 litteratos
1017 1362 1144 1423 lectores
1159 1358 1320 1422 Nasonem
1339 1360 1513 1442 respexisse

341 1474 501 1549 appareat.
540 1468 579 1529 ln
602 1487 639 1529 eo
664 1474 795 1547 tantum,
825 1488 1016 1552 quamquam
1044 1466 1084 1529 ad
1108 1467 1240 1530 verbum
1270 1468 1336 1529 fere
1362 1490 1389 1531 v.
1409 1467 1472 1530 730
1496 1487 1513 1528 e

340 1570 484 1656 Vergilio
507 1572 551 1654 (v.
568 1575 646 1656 420)
671 1575 840 1655 transtulit,
865 1575 904 1637 ab
928 1582 1055 1637 auctore
1083 1573 1223 1657 discedit,
1253 1574 1336 1656 quod
1361 1572 1513 1636 Troianos

340 1679 380 1742 ad
398 1680 544 1763 Zanclen,
569 1703 667 1766 prope
684 1682 821 1766 Scyllam
840 1690 870 1744 et
886 1681 1089 1765 Charybdim,
1107 1702 1202 1745 naves
1217 1682 1377 1766 appulisse
1394 1681 1468 1743 dicit
1481 1703 1510 1743 v.

341 1789 404 1850 728
419 1811 458 1849 ss.
485 1787 631 1850 Correxit
648 1790 742 1871 igitur
758 1788 947 1872 Vergilium,
972 1797 1005 1851 ut
1028 1789 1150 1851 fabulas
1171 1788 1209 1851 dc
1231 1789 1338 1873 Scylla
1358 1786 1477 1850 Glauco
1487 1785 1513 1867 ⁷)

287 1884 292 1894 ’
340 1896 472 1957 llalatoa
496 1894 692 1980 Polyphemo
704 1895 729 1976 ⁸)
753 1894 854 1959 Aoide
866 1893 892 1977 9)
916 1896 1082 1959 artificiose
1101 1898 1182 1959 inter
1198 1918 1231 1958 se
1247 1916 1416 1975 connexas,
1431 1916 1512 1979 quae

340 2002 427 2065 nullo
458 2002 586 2087 quidem
614 2011 705 2087 pacto
728 2003 768 2066 ad
792 2004 945 2083 Aeneam,
975 2011 1057 2066 erute
1088 2013 1193 2066 tamen
1215 2001 1256 2066 ad
1280 2003 1419 2065 Siciliam
1442 2024 1512 2087 per·

339 2110 448 2193 tinent,
475 2110 586 2172 idoneo
612 2112 678 2173 loco
695 2113 846 2173 insereret
863 2110 966 2190 (XIII
982 2113 1044 2173 732
1057 2147 1098 2154 -
1109 2110 1192 2173 XIV
1210 2111 1273 2192 74).
1304 2108 1425 2183 Quibus
1440 2130 1511 2171 nar·

338 2216 523 2299 rationibus,
547 2225 582 2279 ut
606 2226 715 2301 aptum
739 2218 779 2280 ad
803 2240 856 2280 eas
879 2219 1046 2281 transitum
1069 2218 1127 2280 sibi
1153 2218 1278 2297 faceret,
1311 2217 1438 2280 brevem
1463 2216 1511 2278 si-

338 2324 429 2386 ciliae
453 2324 694 2409 descriptionem
717 2325 879 2409 praemisit
903 2326 1115 2407 (724-727).

446 2431 571 2517 Scyllae
605 2432 715 2495 fabula
745 2433 786 2495 ad
818 2432 912 2495 finem
945 2432 1096 2517 perducta
1128 2432 1260 2496 Ovidius
1291 2431 1373 2494 XIV
1399 2432 1439 2493 75
1471 2429 1511 2493 ad

337 2538 480 2602 Aeneam
504 2543 689 2603 revertitur:

430 2647 531 2727 ,hunc
555 2648 609 2730 (sc.
627 2650 790 2733 scopulum
815 2650 952 2734 Scyllae)
977 2649 1032 2710 ubi
1056 2648 1211 2710 Troianae
1237 2649 1328 2709 remis

1068 2755 1256 2838 avidamque
1282 2752 1466 2839 Charybdin

426 2863 547 2925 evicere
571 2871 664 2944 rates,
690 2886 759 2925 eum
786 2864 847 2925 iam
871 2885 968 2947 propo
996 2866 1065 2925 litus
1090 2862 1236 2924 adessent

426 2968 611 3052 Ausonium,
636 2970 771 3054 libycas
795 2979 888 3032 vento
912 2971 1092 3033 referuntur
1116 2970 1156 3032 ad
1180 2991 1259 3032 oras.

426 3078 542 3162 excipit
566 3078 697 3140 Aenean
722 3079 784 3141 illic
808 3079 975 3163 animoque
1000 3078 1154 3161 domoque

425 3206 487 3246 non
511 3184 590 3247 bene
615 3185 779 3248 discidium
804 3186 936 3271 Phrygii
964 3188 1065 3248 latura
1088 3186 1191 3247 mariti

426 3291 569 3374 Sidonis3
594 3293 690 3376 inquo
713 3315 792 3376 pyra
816 3296 893 3356 sacri
920 3294 977 3356 sub
1003 3295 1139 3378 imagine
1163 3294 1246 3355 facta

426 3399 564 3461 incubuit
589 3400 673 3462 ferro
699 3400 892 3486 deceptaque
917 3401 1033 3486 decipit
1056 3403 1195 3464 omnes.“

441 3504 540 3567 Vides
571 3528 679 3570 versus
715 3509 844 3570 75-78
878 3517 1099 3593 argumentum
1132 3530 1199 3570 esse
1231 3507 1381 3569 Aeneidis
1415 3509 1506 3591 primi

337 3612 417 3694 libri,
442 3633 552 3676 versus
577 3615 704 3675 79-81
733 3614 894 3699 quarti.¹⁰)
943 3614 1112 3677 Praeteriit
1139 3614 1236 3699 igitur
1260 3614 1402 3690 lividius,
1428 3636 1508 3698 quae

335 3727 476 3781 extrema
506 3726 596 3804 parte
620 3719 771 3783 Aeneidis
797 3722 814 3783 l.
838 3720 892 3783 HI
917 3722 1074 3805 leguntur,
1104 3724 1219 3783 seilicet
1243 3721 1509 3783 A1·haenrenitlcrn

336 3846 479 3889 narrasse
504 3827 645 3889 fabulam
669 3828 708 3890 de
731 3828 928 3913 Polyphemo
953 3836 983 3891 et
1006 3828 1103 3891 Ulixe
1128 3829 1401 3909 (588-691)‚-
1426 3826 1509 3889 Xll'

337 3934 398 3997 158
411 3956 451 3995 ss.
476 3933 603 3996 demum
627 3955 695 3997 eam
719 3936 825 3998 attulit
840 3973 892 4018 —,
918 3942 949 3997 et
964 3935 1122 3998 Anchisae
1138 3946 1269 3997 mortem
1294 3936 1370 4012 (692
1380 3935 1507 4015 ---tlo).

441 4073 462 4140 ⁷)
483 4074 627 4127 Ovidiusne
648 4078 703 4142 ipsc
723 4076 817 4128 tllauci
839 4093 897 4127 cum
919 4078 1022 4144 Scyllae
1044 4076 1159 4128 falmiam
1180 4077 1337 4128 coniunxit?

440 4164 461 4231 ⁸)
482 4166 555 4230 Quae
575 4163 607 4216 de
624 4164 785 4232 Polyphemo
800 4164 909 4217 lividius
924 4174 1012 4217 narrat
1025 4165 1158 4217 coloribus
1171 4183 1186 4217 a
1200 4166 1341 4217 Theocrito
1356 4165 1409 4231 (ll,
1424 4168 1440 4217 o
1454 4166 1508 4226 sal,

334 4252 448 4304 llonrero
475 4252 537 4320 (od.
559 4255 595 4321 9),
624 4252 734 4306 l'ortasse
761 4256 839 4306 etiam
867 4270 881 4306 a
909 4254 1071 4307 Callimacho
1098 4254 1259 4321 depromptis
1286 4255 1430 4305 exornavit.
1469 4252 1507 4305 Cf.

333 4340 458 4406 Holland,
483 4340 516 4394 de
545 4343 707 4410 Polyphemo
735 4350 760 4395 et
787 4342 905 4409 Galatea,
933 4346 959 4395 in
980 4345 1068 4411 Leipz.
1091 4343 1164 4396 stud.
1184 4344 1242 4395 VH.
1260 4346 1335 4410 1884,
1357 4362 1380 4411 p.
1395 4346 1445 4395 253
1466 4359 1507 4408 ss,

333 4446 359 4497 p.
373 4433 426 4483 272
439 4446 474 4483 ss.

439 4520 460 4587 ⁹)
481 4519 573 4573 Acidis
593 4520 708 4574 fabulam
733 4524 832 4589 primus
852 4522 1030 4575 Callimachus
1055 4524 1147 4575 litteris
1167 4523 1303 4575 mandasse
1324 4522 1434 4574 videtur.
1467 4519 1506 4573 tf.

333 4608 449 4663 Helland
471 4611 518 4662 l.l.

440 4699 472 4767 ¹⁰)
491 4700 543 4753 Hic
556 4700 683 4755 Aeneidis
703 4701 769 4753 liber
788 4701 822 4755 ab
836 4700 931 4756 (lvidie
945 4700 1046 4754 heroid.
1066 4702 1116 4754 Vll
1135 4700 1275 4771 diligenter
1294 4701 1429 4756 adhibitus
1443 4710 1510 4754 erat.
