3750 5592
775 611 993 673 -25„.

298 806 439 871 Thebani
461 828 551 869 senes
575 817 669 893 atque
695 810 822 870 iuvenes
848 805 1047 886 bacchantur,
1074 807 1115 867 ita
1139 818 1173 868 ut
1196 805 1323 868 Thebae
1339 828 1357 867 a
1373 827 1471 890 puero

298 914 405 999 aliquo
440 915 620 978 efferrrinato
657 917 724 977 sine
760 915 889 976 vulnere
922 923 1016 998 atque
1052 914 1117 976 acie
1152 920 1261 997 captae
1295 911 1469 976 rideantur.

297 1021 380 1084 Suus
412 1022 516 1106 igitur⁴
534 1021 666 1085 Ovidius
697 1033 743 1084 est
771 1022 804 1084 in
829 1022 864 1083 iis
888 1042 969 1105 quae
993 1020 1134 1083 Pentheo
1166 1020 1284 1102 tribuit,
1316 1041 1373 1082 nec
1404 1040 1468 1082 non

297 1130 489 1213 excogitavit
504 1131 570 1213 ipso
587 1136 667 1192 totas
684 1128 810 1191 Thebas
824 1128 949 1190 Baccho
967 1148 1054 1190 sacra
1072 1148 1271 1211 comparasse
1286 1127 1338 1207 (cl.
1355 1149 1385 1211 p.
1404 1127 1469 1209 23).

296 1235 431 1298 Prorsus
459 1241 564 1298 autem
592 1238 780 1321 perspicitur
804 1234 910 1298 Ovidii
943 1233 1147 1319 componendi
1177 1236 1257 1297 ratio
1280 1235 1339 1297 hac
1362 1256 1403 1296 ex
1426 1255 1470 1296 re.

297 1342 477 1406 Secundum
502 1345 584 1405 enim
608 1343 779 1405 Nasonem
793 1343 928 1405 Acoetes
952 1343 1000 1405 rel
1028 1340 1234 1427 llionysus‚⁸)
1258 1363 1327 1403 eum
1351 1362 1371 1402 a
1389 1341 1471 1403 Pen-

297 1449 368 1511 theo
393 1452 594 1513 altercatione
623 1451 712 1513 linita
737 1452 767 1512 in
792 1451 918 1514 vincula
949 1449 1106 1512 coniectus
1130 1456 1221 1530 esset,
1246 1449 1312 1533 ipse
1337 1469 1369 1509 se
1393 1448 1470 1511 lite-

297 1557 379 1619 ravit
402 1556 480 1637 (699
501 1559 556 1639 s.):

462 1673 591 1748 „sponte
615 1686 671 1727 sua
695 1667 832 1750 patuisse
856 1663 942 1727 fores
966 1666 1131 1749 lapsasque
1158 1663 1280 1726 lacertis

459 1782 569 1854 sponte
594 1794 651 1833 sua
675 1773 761 1834 l'arrra
784 1777 832 1835 est
854 1771 942 1834 nullo
967 1772 1107 1834 solvente
1131 1770 1287 1833 catenas.“

297 1875 335 1938 ld
360 1876 443 1961 quod
473 1876 643 1962 Euripides
674 1900 737 1941 non
767 1877 807 1941 de
835 1878 970 1959 Baccho,
1004 1877 1059 1940 sed
1084 1877 1122 1940 de
1153 1878 1219 1941 eius
1250 1876 1415 1939 comitibus
1440 1878 1471 1938 in

296 1983 422 2047 vincula
446 1984 526 2047 datis
550 1993 658 2048 narrat
681 1985 809 2066 (Bacch.
826 1987 887 2048 447
906 1986 977 2067 ss.):

461 2092 639 2177 „adultiora
665 2092 809 2161 ditaverit
831 2093 930 2178 δεσμὰ
954 2091 1083 2179 dcelddp
1108 2093 1222 2167 πεδῶν,

456 2197 573 2285 κλῇδές
594 2199 741 2286 τ’(ἰνῆκαν
766 2199 899 2287 θύρετρ’
920 2204 995 2263 ἄνευ
1019 2200 1142 2287 ’θνητῆς
1164 2199 1288 2286 χερὸ-ῒ.“

403 2306 563 2369 Nasonem
602 2309 696 2391 igitur
731 2309 933 2372 nranifestum
970 2317 1016 2370 est
1051 2308 1128 2371 duos
1165 2309 1247 2371 locos
1282 2307 1468 2370 contudisse.

298 2411 391 2474 liudo
420 2420 523 2476 autem
553 2415 746 2478 confusionis
776 2437 869 2479 eausa
900 2415 1072 2501 repetenda
1095 2422 1143 2478 est
1167 2417 1225 2477 nisi
1249 2436 1290 2477 ex
1314 2436 1361 2503 eo,
1387 2413 1471 2499 quod

296 2518 429 2583 lividius
454 2522 554 2603 ipsa-m
579 2523 773 2605 tragoediam
798 2544 860 2585 non
885 2525 1033 2607 inspexit,
1065 2522 1120 2585 sed
1144 2523 1323 2585 memoriter
1347 2521 1469 2607 mytho·

296 2628 409 2713 graphi
436 2631 532 2693 rerba
555 2630 711 2693 coloribus
736 2630 917 2713 Euripideis
942 2628 1167 2711 ex01·oavit?⁹)

407 2737 451 2799 llo
468 2736 752 2822 Tyrrhenorum
770 2737 879 2799 fabula
896 2736 1053 2800 Ovidiana
1068 2739 1104 2799 o.
1119 2736 1250 2809 Orusius
1269 2736 1348 2816 (llcr
1365 2736 1470 2797 honre-

296 2844 396 2905 rische
420 2844 724 2929 llionysoshrnmus.
750 2844 864 2906 Philol.
884 2845 943 2908 rol.
962 2846 1003 2906 48
1030 2844 1155 2925 [1889],
1180 2866 1209 2927 p.
1229 2844 1292 2903 220
1310 2844 1363 2924 ss.)
1389 2842 1469 2905 iudi-

295 2952 378 3013 carit
407 2952 557 3014 Ovidium
595 2952 747 3014 imitatum
784 2974 851 3015 osse
887 2972 1014 3014 carmen
1046 2951 1174 3036 aliquod
1205 2950 1468 3016 Alexandrinum.

295 3058 383 3120 cuius
407 3071 628 3142 argumentum
653 3059 802 3144 Hyginus
826 3059 862 3139 (f.
882 3060 958 3139 134)
983 3057 1072 3121 nobis
1096 3060 1279 3122 serraverii.

402 3164 464 3228 Sed
480 3186 542 3227 non
559 3187 656 3228 unum
672 3168 853 3251 oxeinplum
869 3165 1016 3229 (tridium
1033 3173 1174 3228 secutum
1190 3184 1267 3246 esse,
1285 3166 1377 3227 imnro
1396 3187 1468 3227 roro

294 3269 352 3333 hac
376 3273 468 3335 etiam
495 3274 526 3334 iu
551 3275 729 3335 narratione
755 3275 857 3337 varias
882 3294 952 3335 eum
979 3274 1102 3335 fabulas
1126 3273 1354 3335 eoniarrrinasse
1378 3272 1469 3335 raldo

295 3379 443 3462 suspicor.
492 3380 645 3441 Accurate
674 3380 757 3442 enim
785 3381 929 3465 perlectis
955 3379 1096 3442 versibus
1121 3395 1192 3441 uret.
1213 3378 1261 3441 lll
1291 3380 1462 3441 oar-oar

294 3484 377 3547 haud
401 3485 518 3570 ubique
543 3487 753 3548 narrationem
777 3488 973 3571 perspicuam
997 3508 1065 3548 osse
1089 3486 1328 3548 animadvertes.

400 3592 540 3656 Puerum
565 3596 728 3657 inveniunt
745 3594 888 3677 „deserto
910 3595 941 3656 in
960 3597 1055 3677 agro“
1077 3595 1196 3676 piratae
1220 3595 1386 3678 pulchrum
1401 3595 1464 3656 cul-

295 3708 390 3783 tuque
407 3700 562 3779 insignem
579 3709 672 3785 atquc
697 3710 730 3763 ut
745 3701 896 3785 praedam
915 3722 1018 3780 „mero
1043 3721 1213 3785 sonrnoque
1228 3702 1376 3785 grarem“
1396 3723 1465 3763 rrum

400 3877 422 3942 ⁸)
441 3877 509 3929 Nam
533 3878 660 3930 Acoetam
689 3880 773 3944 ipsum
792 3876 869 3929 deum
890 3894 945 3929 esse
964 3878 1126 3944 significatur
1146 3895 1167 3928 r.
1188 3882 1238 3930 lias
1259 3894 1287 3929 s..
1327 3879 1357 3928 l'.
1380 3878 1469 3945 llaupt

293 3963 327 4017 ad
347 3983 369 4016 r.
390 3968 450 4018 (358.

399 4055 422 4121 ⁰)
442 4054 563 4106 (tridium
585 4057 692 4108 l'acurii
715 4057 860 4108 Pentheum
879 4064 996 4108 scrutum
1018 4071 1073 4108 esse
1091 4058 1192 4122 putavit
1213 4056 1242 4108 (l.
1258 4055 1383 4119 llihherh,
1403 4062 1467 4107 rt'mr.

293 4143 485 4211 'l'rag.p.281l,
504 4145 606 4195 scholio
627 4147 693 4196 Arri.
708 4145 744 4195 ll'
767 4149 817 4196 lttll
838 4146 917 4196 uisos.
939 4145 1114 4197 Scholiastam
1134 4153 1222 4196 :tutem
1242 4161 1293 4196 oon
1314 4147 1399 4212 ipsum
1421 4146 1468 4197 Pa·

293 4232 420 4283 cuvianae
448 4232 601 4300 tragoediae
630 4242 813 4299 amiralmumin
843 4235 940 4285 referre
969 4234 1091 4296 voluisse,
1120 4232 1166 4285 sed
1194 4233 1304 4285 l'eothei
1331 4234 1468 4286 historiam

294 4322 453 4386 nescioquo
473 4338 503 4373 ex
525 4322 591 4374 lilrro
610 4322 722 4374 falmlari
742 4325 851 4390 petitam
878 4322 911 4375 ad
939 4325 1023 4390 ipsum
1050 4323 1178 4375 scholium
1204 4322 1368 4388 adnexuisse‚
1389 4324 1469 4375 verba

293 4410 350 4462 eius
369 4409 510 4464 ostendunt
534 4415 568 4478 (v.
593 4409 732 4463 l'ormulanr
757 4414 781 4462 io
809 4413 917 4464 scholiis
943 4412 975 4464 ad
996 4414 1062 4463 Aeo.
1077 4413 1229 4479 saepissime
1253 4420 1396 4479 repertam:
1419 4412 1467 4479 „de

292 4513 346 4566 quo
365 4498 577 4567 (seilPentheo)
605 4500 694 4553 l'ahula
718 4501 779 4553 talis
803 4505 879 4569 est‘).
917 4504 957 4552 Ac
983 4517 1074 4553 revera
1095 4500 1209 4553 l'almlam
1229 4502 1301 4552 illam
1321 4518 1353 4553 ex
1373 4502 1467 4555 Ovidio

292 4587 399 4641 fluxisse.
419 4587 612 4642 demonstratur
638 4591 688 4643 hac
715 4592 856 4657 praecipue
883 4607 919 4653 re,
947 4589 1016 4656 qood
1043 4591 1184 4641 scholiasta
1208 4606 1265 4642 earo
1290 4590 1322 4642 de
1342 4607 1392 4658 qua
1413 4591 1467 4643 dixi

294 4675 383 4733 Ovidii
402 4677 583 4731 confusionem
605 4681 668 4748 ipsis
686 4683 740 4731 lere
762 4681 875 4748 exernpli
895 4679 980 4732 rerhis
1001 4696 1061 4731 osus
1080 4682 1183 4747 repetit.
