3750 5592
852 623 1068 689 -sa-

376 826 409 888 in
433 834 612 887 transcursu
635 822 727 887 huius
742 825 788 887 rei
811 826 1003 888 mentionem
1027 824 1152 887 iniecit?
1178 825 1252 887 Sine
1278 825 1372 888 dubio
1390 824 1463 909 quia
1477 845 1547 887 eam

376 932 409 994 in
433 932 519 995 fonte
549 933 635 1016 legit,
667 933 697 994 in
727 952 788 1017 quo
817 931 966 994 Herculis
997 932 1137 994 fabulam
1168 933 1235 994 cius
1265 932 1427 1017 progeniei
1456 926 1567 994 oasus'

376 1038 531 1102 subsecuti
555 1047 654 1102 crant.
683 1036 790 1122 Atque
807 1060 919 1102 revera
942 1041 973 1102 in
990 1038 1175 1123 compendio
1192 1039 1405 1124 mythologice
1422 1038 1546 1102 fabulas

375 1145 419 1208 ita
442 1145 607 1232 dispositas
632 1145 729 1208 fuisse
743 1144 957 1231 Apollodorus
981 1147 1068 1209 testis
1092 1154 1151 1208 est:
1179 1145 1328 1208 Herculis
1346 1147 1429 1208 enim
1445 1151 1546 1208 morte

374 1260 502 1315 narrata
516 1253 686 1315 liberorum
710 1253 776 1315 eins
792 1253 970 1337 catalogum
993 1260 1133 1315 recenset
1149 1253 1198 1333 (Il
1216 1252 1414 1335 lot-loo),
1432 1251 1544 1315 deinde

375 1358 451 1440 (161
477 1360 515 1442 s.)
539 1358 783 1422 Heraclidarum
807 1369 914 1422 contra
936 1358 1150 1444 Eurystheum
1174 1380 1314 1444 pugnarn
1338 1367 1458 1422 tractat.

480 1475 587 1560 Atque
611 1477 674 1538 iarn
693 1476 947 1561 complectamur,
972 1495 1053 1557 quae
1067 1475 1217 1539 hactenus
1242 1476 1280 1537 10
1298 1474 1403 1539 Ovidii
1429 1474 1544 1538 fabulis

376 1582 542 1646 Herculeis
566 1582 792 1668 expedivimus.
828 1582 918 1645 Adiit
934 1583 1067 1645 Ovidius
1092 1582 1221 1664 fontem,
1246 1605 1287 1645 ex
1311 1603 1372 1666 quo
1396 1582 1545 1645 traditum

374 1710 479 1752 rerum
494 1697 632 1753 tenorem
647 1690 807 1753 commode
822 1710 1008 1774 cognoscere
1024 1691 1052 1751 01
1070 1688 1191 1753 licebat.
1217 1689 1281 1752 Sed
1296 1710 1403 1752 ornnes
1420 1687 1545 1751 fabulas

374 1797 549 1860 Herculeas
580 1805 712 1860 tractare
745 1818 816 1860 eum
846 1799 872 1859 ei
905 1818 968 1859 non
1001 1797 1183 1880 placuisset,
1217 1798 1329 1879 selegit
1360 1795 1545 1876 Acheloum,

374 1903 520 1986 Nessum,
545 1902 717 1966 Herculem
740 1924 861 1966 veneno
886 1903 1040 1965 imbutum
1058 1903 1152 1985 inque
1170 1903 1244 1966 deos
1260 1905 1403 1966 rolatum.
1428 1901 1547 1965 Oontra

374 2016 557 2094 aspernatus
586 2020 632 2073 est
660 2031 713 2072 eas
741 2012 946 2092 narrationes,
972 2031 1052 2094 0110
1077 2009 1278 2093 praecedunt,
1303 2010 1450 2072 nimirum
1474 2029 1546 2071 cum

373 2117 650 2202 metamorphoseis
673 2118 779 2180 nullae
804 2119 949 2180 inessent.
997 2117 1045 2180 Dc
1070 2119 1193 2180 insertis
1217 2138 1292 2180 vero
1317 2116 1442 2196 fabulis,
1467 2136 1545 2199 quas

373 2225 540 2309 praecipue
565 2245 606 2286 ex
628 2223 930 2306 Alexandrinorum,
954 2232 990 2287 ut
1004 2224 1109 2305 credo,
1132 2232 1298 2309 poctarum
1321 2223 1454 2287 hortulis
1469 2222 1546 2286 Ovi·

373 2329 442 2393 dius
467 2330 631 2415 decerpsit,
657 2334 872 2417 quaestionem
897 2334 1064 2394 mittamus.
1090 2331 1202 2394 Restat
1225 2336 1356 2414 tantum,
1380 2337 1546 2393 utcontra

374 2458 425 2499 cos
455 2459 642 2522 pugnemus,
674 2440 728 2521 qui
758 2440 888 2501 nimium
922 2438 1065 2501 tribuunt
1094 2437 1255 2523 Euripidis
1285 2435 1480 2522 Meleagron
1514 2446 1546 2500 et

373 2544 536 2630 Sophoclis
560 2543 781 2628 Trachirriis.⁶)

479 2661 527 2724 Ae
538 2662 673 2745 primum
690 2662 816 2746 quidem
831 2663 1002 2747 quaeritur,
1019 2664 1120 2747 qualis
1136 2663 1231 2725 fucrit
1246 2661 1408 2724 enchiridii
1422 2659 1546 2746 mytho-

374 2768 465 2851 logici
493 2767 533 2830 dc
564 2768 757 2854 Meleagro
791 2769 908 2832 fabula.
957 2768 1048 2831 Vidit
1075 2769 1111 2832 E.
1137 2770 1238 2832 Bethe
1270 2768 1424 2849 (Quaestt.
1449 2767 1544 2832 Diod.

371 2896 402 2958 p.
420 2875 475 2957 ol)
499 2874 730 2960 Apollodorum
753 2877 782 2954 (l
808 2878 950 2957 64-131
983 2885 1013 2939 01
1041 2875 1209 2938 lliodorum
1235 2874 1297 2956 (lV
1322 2875 1377 2957 34)
1403 2874 1481 2938 duas
1505 2876 1545 2937 (10

371 2981 526 3066 Meleagri
549 2990 649 3045 morto
673 2983 867 3046 narrationes
897 2982 1050 3066 praebere
1074 2982 1224 3065 diversas,
1257 3006 1334 3068 quas
1365 3006 1405 3046 cx
1434 2983 1546 3046 codem

370 3088 451 3151 libro
498 3089 634 3153 fabulari
681 3089 865 3153 hausissent.
913 3088 1025 3152 Altera
1062 3089 1189 3174 quidem
1225 3090 1318 3152 lluxit
1356 3112 1397 3153 cx
1440 3089 1544 3153 Iliade

372 3195 401 3275 (l
427 3197 630 3278 sas—599),
654 3197 754 3259 altera
777 3217 851 3258 vero
875 3195 1036 3281 Euripidis
1056 3196 1249 3280 tragoediam
1268 3204 1373 3259 secuta
1389 3196 1543 3281 Meleagri

372 3302 404 3363 in
435 3301 619 3365 Atalantam
655 3324 793 3365 amorem
824 3303 923 3364 omnis
955 3302 1140 3365 calamitatis
1171 3323 1297 3365 eausam
1329 3303 1424 3365 fuisse
1458 3303 1544 3367 11011.

373 3407 476 3480 (luam
505 3410 638 3473 formam
660 3409 865 3493 Euripideam
896 3410 929 3472 in
958 3409 1141 3494 compendio
1172 3409 1309 3493 primum
1339 3410 1441 3472 locum
1465 3409 1545 3472 obti-

371 3519 477 3580 nuisse
501 3515 687 3579 bibliotheca
712 3515 802 3579 docet
813 3515 849 3599 7).
888 3517 950 3579 His
975 3516 1102 3600 quidem
1127 3517 1243 3580 fabulis
1268 3519 1348 3579 inter
1372 3538 1405 3579 se
1428 3517 1544 3581 discre-

478 3693 499 3760 s,
520 3692 625 3759 Surber,
645 3692 687 3745 die
700 3694 897 3761 Meleagersage
917 3712 942 3761 p.
959 3697 1021 3745 124:
1041 3694 1094 3759 „im
1109 3691 1544 3762 (1011011111101(0111)11101ι-

371 3797 418 3833 ans
437 3781 486 3834 auf
501 3782 678 3850 Euripides
697 3782 750 3834 und
770 3782 819 3835 den
840 3798 890 3834 ron
911 3782 1009 3835 diesem
1029 3781 1243 3835 eintlnssrcichcn
1265 3782 1374 3835 Dichter
1391 3781 1543 3851 gegebencn

371 3873 555 3939 Auregungen.
587 3871 643 3923 Auf
658 3871 811 3925 Nikandros
835 3874 909 3924 ueist
933 3872 1058 3939 lcdiglicli
1083 3870 1125 3924 dic
1147 3873 1316 3939 llarstellung
1335 3871 1543 3924 1011011111-

371 3961 434 4027 lung
452 3978 503 4014 von
522 3962 671 4029 Meleagros
692 3962 880 4014 Schwestern.“
904 3962 1029 4015 Similiter
1048 3962 1123 4014 Elnv.
1137 3962 1170 4014 ad
1191 3963 1206 4013 1.
1221 3962 1285 4014 Vlll
1304 3980 1327 4013 v.
1341 3964 1400 4015 260.

477 4058 499 4127 ⁶)
519 4059 593 4112 Ehw.
607 4059 640 4112 ad
661 4062 675 4112 l.
690 4061 729 4112 lX
748 4077 771 4112 r.
788 4064 810 4125 l,
831 4065 901 4111 111
921 4067 948 4112 et
967 4063 1071 4127 passim.

478 4156 499 4225 ⁷)
518 4157 652 4210 Nicander
670 4159 744 4226 (Ant.
759 4159 816 4211 Lib.
831 4160 867 4225 2),
888 4164 916 4210 ut
935 4157 1028 4211 doctus
1042 4158 1215 4211 Alexandrini
1235 4162 1392 4228 sempecta,
1412 4158 1542 4227 Meleagri

370 4246 498 4314 Euripide
517 4249 691 4314 antiquiorem
709 4249 819 4316 praebet
837 4247 942 4300 fabulae
962 4247 1071 4299 formam
1091 4251 1163 4301 euius
1183 4257 1274 4301 testem
1293 4256 1410 4301 tenemus
1423 4249 1542 4318 Bacchy-

370 4334 504 4404 11101111
525 4336 632 4405 [Blass]
653 4340 797 4405 tls—154),
821 4336 895 4389 addit
918 4353 980 4389 vero
1000 4337 1175 4405 Meleagridcs
1199 4341 1224 4390 iu
1249 4353 1310 4390 aves
1334 4346 1453 4403 mutatas
1478 4354 1542 4390 non·

370 4425 494 4491 nullaque
514 4433 649 4492 praeterea
668 4425 900 4494 (attractus,
921 4431 936 4479 l
956 4427 988 4493 s.)
1008 4443 1040 4479 ex
1060 4426 1142 4478 Iliade
1164 4430 1301 4479 inseruisse
1321 4426 1431 4479 videtur.
1463 4426 1542 4479 Euri·

368 4513 438 4582 pidis
451 4514 600 4582 tragoediae
613 4521 795 4582 argumentum
808 4518 921 4568 servavit
934 4516 1106 4583 bibliotheca,
1127 4515 1173 4569 sed
1186 4518 1272 4568 neseio
1285 4532 1318 4568 an
1332 4516 1542 4583 mythographus

370 4604 505 4671 nonnulla,
531 4606 602 4657 velut
629 4612 780 4658 serratorum
806 4606 964 4672 catalogum,
991 4621 1023 4657 ex
1053 4603 1124 4657 sonte
1152 4604 1317 4673 Bacchylidis
1343 4614 1368 4657 ct
1394 4603 1541 4672 Euripidis

370 4694 484 4747 carmine
504 4693 626 4747 videlicet
646 4696 720 4763 epico
739 4695 837 4763 reliquo,
859 4695 1037 4747 immiscuerit.
