<?xml version="1.0" encoding="UTF-8"?>
<!DOCTYPE html PUBLIC "-//W3C//DTD XHTML 1.0 Transitional//EN"
    "http://www.w3.org/TR/xhtml1/DTD/xhtml1-transitional.dtd">
<html xmlns="http://www.w3.org/1999/xhtml" xml:lang="en" lang="en">
 <head>
  <title>
</title>
<meta http-equiv="Content-Type" content="text/html;charset=utf-8" />
  <meta name='ocr-system' content='tesseract 3.04.00' />
  <meta name='ocr-capabilities' content='ocr_page ocr_carea ocr_par ocr_line ocrx_word'/>
</head>
<body>
  <div class='ocr_page' id='page_1' title='image "./ovidiusquaratio00kiengoog_0045.png"; bbox 0 0 3750 5592; ppageno 0'>
   <div class='ocr_carea' id='block_1_1' title="bbox 763 588 981 650">
    <p class='ocr_par' dir='ltr' id='par_1_1' title="bbox 763 588 981 650">
     <span class='ocr_line' id='line_1_1' title="bbox 763 588 981 650; baseline 0 -15"><span class='ocrx_word' id='word_1_1' title='bbox 763 588 981 650; x_wconf 72' lang='lat'>..41.-</span> 
     </span>
    </p>
   </div>
   <div class='ocr_carea' id='block_1_2' title="bbox 282 784 1458 3546">
    <p class='ocr_par' dir='ltr' id='par_1_2' title="bbox 283 784 1457 1407">
     <span class='ocr_line' id='line_1_2' title="bbox 285 784 1456 871; baseline 0 -22"><span class='ocrx_word' id='word_1_2' title='bbox 285 786 472 851; x_wconf 73' lang='lat' dir='ltr'>narrationis</span> <span class='ocrx_word' id='word_1_3' title='bbox 505 786 659 868; x_wconf 82' lang='lat' dir='ltr'>versibus,</span> <span class='ocrx_word' id='word_1_4' title='bbox 692 786 745 849; x_wconf 92' lang='lat' dir='ltr'>nbi</span> <span class='ocrx_word' id='word_1_5' title='bbox 781 785 913 871; x_wconf 80' lang='lat' dir='ltr'>legimus</span> <span class='ocrx_word' id='word_1_6' title='bbox 945 784 1092 849; x_wconf 83' lang='lat' dir='ltr'>Medeam</span> <span class='ocrx_word' id='word_1_7' title='bbox 1123 785 1261 849; x_wconf 85' lang='lat' dir='ltr'>facinore</span> <span class='ocrx_word' id='word_1_8' title='bbox 1294 784 1456 849; x_wconf 91' lang='lat' dir='ltr'>commisso</span> 
     </span>
     <span class='ocr_line' id='line_1_3' title="bbox 285 891 1456 979; baseline -0.001 -21"><span class='ocrx_word' id='word_1_9' title='bbox 285 894 363 978; x_wconf 80' lang='lat' dir='ltr'>fuga</span> <span class='ocrx_word' id='word_1_10' title='bbox 396 895 530 958; x_wconf 89' lang='lat' dir='ltr'>salutem</span> <span class='ocrx_word' id='word_1_11' title='bbox 563 893 712 979; x_wconf 82' lang='lat' dir='ltr'>petivisse</span> <span class='ocrx_word' id='word_1_12' title='bbox 746 893 823 975; x_wconf 84' lang='lat'>(350</span> <span class='ocrx_word' id='word_1_13' title='bbox 852 894 906 976; x_wconf 85' lang='lat' dir='ltr'>ss.)</span> <span class='ocrx_word' id='word_1_14' title='bbox 949 893 1096 956; x_wconf 88' lang='lat' dir='ltr'>abhorret</span> <span class='ocrx_word' id='word_1_15' title='bbox 1125 891 1256 957; x_wconf 89' lang='lat' dir='ltr'>Ovidius</span> <span class='ocrx_word' id='word_1_16' title='bbox 1288 915 1306 956; x_wconf 90' lang='lat' dir='ltr'>a</span> <span class='ocrx_word' id='word_1_17' title='bbox 1333 892 1456 979; x_wconf 84' lang='lat' dir='ltr'>mytho-</span> 
     </span>
     <span class='ocr_line' id='line_1_4' title="bbox 283 1000 1454 1087; baseline 0 -23"><span class='ocrx_word' id='word_1_18' title='bbox 283 1002 415 1087; x_wconf 77' lang='lat' dir='ltr'>grapho‚</span> <span class='ocrx_word' id='word_1_19' title='bbox 440 1022 631 1087; x_wconf 88' lang='lat' dir='ltr'>quamquam</span> <span class='ocrx_word' id='word_1_20' title='bbox 652 1001 730 1063; x_wconf 89' lang='lat' dir='ltr'>hacc</span> <span class='ocrx_word' id='word_1_21' title='bbox 747 1007 870 1084; x_wconf 90' lang='lat' dir='ltr'>apoeta</span> <span class='ocrx_word' id='word_1_22' title='bbox 892 1000 1031 1065; x_wconf 87' lang='lat' dir='ltr'>breviter</span> <span class='ocrx_word' id='word_1_23' title='bbox 1046 1007 1167 1063; x_wconf 88' lang='lat' dir='ltr'>tantum</span> <span class='ocrx_word' id='word_1_24' title='bbox 1186 1006 1389 1084; x_wconf 82' lang='lat' dir='ltr'>annotantur3</span> <span class='ocrx_word' id='word_1_25' title='bbox 1415 1000 1454 1064; x_wconf 85' lang='lat' dir='ltr'>cf.</span> 
     </span>
     <span class='ocr_line' id='line_1_5' title="bbox 283 1105 1457 1192; baseline -0.001 -21"><span class='ocrx_word' id='word_1_26' title='bbox 283 1108 395 1173; x_wconf 91' lang='lat' dir='ltr'>bibl.I</span> <span class='ocrx_word' id='word_1_27' title='bbox 422 1109 501 1173; x_wconf 89' lang='lat'>144:</span> <span class='ocrx_word' id='word_1_28' title='bbox 537 1105 712 1189; x_wconf 40' lang='grc' dir='ltr'>[Ἄκαστος</span> <span class='ocrx_word' id='word_1_29' title='bbox 734 1107 769 1170; x_wconf 77' lang='grc' dir='ltr'>δὲ</span> <span class='ocrx_word' id='word_1_30' title='bbox 790 1107 871 1192; x_wconf 77' lang='grc' dir='ltr'>μετὰ</span> <span class='ocrx_word' id='word_1_31' title='bbox 894 1114 958 1169; x_wconf 78' lang='grc' dir='ltr'>τῶν</span> <span class='ocrx_word' id='word_1_32' title='bbox 982 1105 1037 1191; x_wconf 75' lang='grc' dir='ltr'>τὴν</span> <span class='ocrx_word' id='word_1_33' title='bbox 1064 1106 1187 1171; x_wconf 78' lang='grc' dir='ltr'><em>Ἰωλκὸν</em></span> <span class='ocrx_word' id='word_1_34' title='bbox 1211 1106 1379 1171; x_wconf 73' lang='grc' dir='ltr'><em>οἰκούντων</em></span> <span class='ocrx_word' id='word_1_35' title='bbox 1403 1109 1457 1170; x_wconf 81' lang='grc' dir='ltr'>τὸν</span> 
     </span>
     <span class='ocr_line' id='line_1_6' title="bbox 283 1212 1456 1302; baseline -0.001 -24"><span class='ocrx_word' id='word_1_36' title='bbox 283 1216 403 1302; x_wconf 75' lang='grc' dir='ltr'><em>ποτέρα</em></span> <span class='ocrx_word' id='word_1_37' title='bbox 430 1214 556 1286; x_wconf 66' lang='lat' dir='ltr'>attare,</span> <span class='ocrx_word' id='word_1_38' title='bbox 585 1216 638 1277; x_wconf 75' lang='grc' dir='ltr'>τὸν</span> <span class='ocrx_word' id='word_1_39' title='bbox 667 1214 701 1277; x_wconf 76' lang='grc' dir='ltr'>οὲ</span> <span class='ocrx_word' id='word_1_40' title='bbox 733 1212 856 1276; x_wconf 75' lang='grc' dir='ltr'><em>Ἰάσονα</em></span> <span class='ocrx_word' id='word_1_41' title='bbox 881 1214 963 1299; x_wconf 74' lang='grc' dir='ltr'>μετὰ</span> <span class='ocrx_word' id='word_1_42' title='bbox 990 1217 1049 1300; x_wconf 73' lang='grc' dir='ltr'>τῆς</span> <span class='ocrx_word' id='word_1_43' title='bbox 1076 1212 1218 1301; x_wconf 62' lang='grc' dir='ltr'>Μηδείας</span> <span class='ocrx_word' id='word_1_44' title='bbox 1244 1217 1303 1301; x_wconf 68' lang='grc' dir='ltr'>τῆς</span> <span class='ocrx_word' id='word_1_45' title='bbox 1332 1213 1456 1279; x_wconf 70' lang='grc' dir='ltr'><em>Ἰωλκοῦ</em></span> 
     </span>
     <span class='ocr_line' id='line_1_7' title="bbox 285 1322 455 1407; baseline 0 -22"><span class='ocrx_word' id='word_1_46' title='bbox 285 1322 455 1407; x_wconf 75' lang='grc' dir='ltr'><em>ἐκβάλλεε.“</em></span> 
     </span>
    </p>

    <p class='ocr_par' dir='ltr' id='par_1_3' title="bbox 282 1429 1458 2371">
     <span class='ocr_line' id='line_1_8' title="bbox 390 1429 1457 1515; baseline 0.001 -23"><span class='ocrx_word' id='word_1_47' title='bbox 390 1429 536 1493; x_wconf 85' lang='lat' dir='ltr'>Medeam</span> <span class='ocrx_word' id='word_1_48' title='bbox 561 1438 665 1493; x_wconf 91' lang='lat' dir='ltr'>antem</span> <span class='ocrx_word' id='word_1_49' title='bbox 689 1450 781 1493; x_wconf 90' lang='lat' dir='ltr'>curru</span> <span class='ocrx_word' id='word_1_50' title='bbox 806 1430 918 1492; x_wconf 91' lang='lat' dir='ltr'>iunctis</span> <span class='ocrx_word' id='word_1_51' title='bbox 933 1429 1121 1493; x_wconf 77' lang='lat' dir='ltr'>draconibus</span> <span class='ocrx_word' id='word_1_52' title='bbox 1138 1430 1323 1493; x_wconf 79' lang='lat' dir='ltr'>Corinthum</span> <span class='ocrx_word' id='word_1_53' title='bbox 1337 1430 1457 1515; x_wconf 80' lang='lat' dir='ltr'>fugisse</span> 
     </span>
     <span class='ocr_line' id='line_1_9' title="bbox 284 1537 1456 1622; baseline -0.001 -21"><span class='ocrx_word' id='word_1_54' title='bbox 284 1537 416 1601; x_wconf 88' lang='lat' dir='ltr'>Ovidius</span> <span class='ocrx_word' id='word_1_55' title='bbox 433 1538 498 1622; x_wconf 90' lang='lat' dir='ltr'>ipse</span> <span class='ocrx_word' id='word_1_56' title='bbox 519 1539 647 1619; x_wconf 69' lang='lat' dir='ltr'>invenit,</span> <span class='ocrx_word' id='word_1_57' title='bbox 672 1547 706 1600; x_wconf 89' lang='lat' dir='ltr'>ut</span> <span class='ocrx_word' id='word_1_58' title='bbox 730 1538 857 1621; x_wconf 82' lang='lat' dir='ltr'>longam</span> <span class='ocrx_word' id='word_1_59' title='bbox 881 1537 969 1599; x_wconf 87' lang='lat' dir='ltr'>illam</span> <span class='ocrx_word' id='word_1_60' title='bbox 992 1537 1206 1622; x_wconf 88' lang='lat' dir='ltr'>interponeret</span> <span class='ocrx_word' id='word_1_61' title='bbox 1229 1540 1341 1599; x_wconf 91' lang='lat' dir='ltr'>seriem</span> <span class='ocrx_word' id='word_1_62' title='bbox 1366 1538 1456 1601; x_wconf 90' lang='lat' dir='ltr'>fabu-</span> 
     </span>
     <span class='ocr_line' id='line_1_10' title="bbox 284 1643 1458 1728; baseline 0.001 -22"><span class='ocrx_word' id='word_1_63' title='bbox 284 1645 385 1707; x_wconf 85' lang='lat' dir='ltr'>larum</span> <span class='ocrx_word' id='word_1_64' title='bbox 398 1643 537 1708; x_wconf 80' lang='lat' dir='ltr'>brevitor</span> <span class='ocrx_word' id='word_1_65' title='bbox 549 1650 872 1725; x_wconf 85' lang='lat' dir='ltr'>commemoratarum‚</span> <span class='ocrx_word' id='word_1_66' title='bbox 886 1664 964 1728; x_wconf 91' lang='lat' dir='ltr'>quas</span> <span class='ocrx_word' id='word_1_67' title='bbox 981 1645 1066 1707; x_wconf 86' lang='lat' dir='ltr'>velut</span> <span class='ocrx_word' id='word_1_68' title='bbox 1081 1646 1112 1705; x_wconf 92' lang='lat' dir='ltr'>in</span> <span class='ocrx_word' id='word_1_69' title='bbox 1127 1651 1307 1707; x_wconf 88' lang='lat' dir='ltr'>transcursu</span> <span class='ocrx_word' id='word_1_70' title='bbox 1320 1645 1458 1708; x_wconf 83' lang='lat' dir='ltr'>annectit</span> 
     </span>
     <span class='ocr_line' id='line_1_11' title="bbox 284 1749 1456 1836; baseline 0 -22"><span class='ocrx_word' id='word_1_71' title='bbox 284 1750 324 1814; x_wconf 91' lang='lat' dir='ltr'>ad</span> <span class='ocrx_word' id='word_1_72' title='bbox 348 1772 465 1834; x_wconf 66' lang='lat' dir='ltr'>omnes</span> <span class='ocrx_word' id='word_1_73' title='bbox 491 1773 569 1836; x_wconf 89' lang='lat' dir='ltr'>quas</span> <span class='ocrx_word' id='word_1_74' title='bbox 587 1751 732 1814; x_wconf 80' lang='lat' dir='ltr'>Medeam</span> <span class='ocrx_word' id='word_1_75' title='bbox 757 1752 1007 1836; x_wconf 86' lang='lat' dir='ltr'>praetervolasse</span> <span class='ocrx_word' id='word_1_76' title='bbox 1031 1751 1131 1835; x_wconf 75' lang='lat' dir='ltr'>fingit,</span> <span class='ocrx_word' id='word_1_77' title='bbox 1156 1749 1250 1814; x_wconf 88' lang='lat' dir='ltr'>urbes</span> <span class='ocrx_word' id='word_1_78' title='bbox 1273 1751 1392 1813; x_wconf 90' lang='lat' dir='ltr'>insulas</span> <span class='ocrx_word' id='word_1_79' title='bbox 1408 1774 1456 1814; x_wconf 93' lang='lat' dir='ltr'>re-</span> 
     </span>
     <span class='ocr_line' id='line_1_12' title="bbox 283 1858 1455 1943; baseline -0.001 -23"><span class='ocrx_word' id='word_1_80' title='bbox 283 1859 392 1943; x_wconf 85' lang='lat' dir='ltr'>giones</span> <span class='ocrx_word' id='word_1_81' title='bbox 415 1859 628 1941; x_wconf 83' lang='lat'>(351-390).</span> <span class='ocrx_word' id='word_1_82' title='bbox 677 1858 744 1920; x_wconf 79' lang='lat' dir='ltr'>Neo</span> <span class='ocrx_word' id='word_1_83' title='bbox 771 1880 832 1921; x_wconf 92' lang='lat' dir='ltr'>non</span> <span class='ocrx_word' id='word_1_84' title='bbox 864 1858 1013 1922; x_wconf 86' lang='lat' dir='ltr'>Corintho</span> <span class='ocrx_word' id='word_1_85' title='bbox 1042 1864 1282 1920; x_wconf 86' lang='lat' dir='ltr'>commemorata</span> <span class='ocrx_word' id='word_1_86' title='bbox 1313 1858 1455 1921; x_wconf 89' lang='lat' dir='ltr'>celeriter</span> 
     </span>
     <span class='ocr_line' id='line_1_13' title="bbox 284 1965 1456 2049; baseline -0.001 -21"><span class='ocrx_word' id='word_1_87' title='bbox 284 1965 412 2029; x_wconf 89' lang='lat' dir='ltr'>adnotat</span> <span class='ocrx_word' id='word_1_88' title='bbox 436 1966 474 2028; x_wconf 91' lang='lat' dir='ltr'>de</span> <span class='ocrx_word' id='word_1_89' title='bbox 497 1965 677 2028; x_wconf 90' lang='lat' dir='ltr'>hominibus</span> <span class='ocrx_word' id='word_1_90' title='bbox 701 1988 741 2028; x_wconf 82' lang='lat' dir='ltr'>ex</span> <span class='ocrx_word' id='word_1_91' title='bbox 757 1966 862 2049; x_wconf 81' lang='lat' dir='ltr'>fungis</span> <span class='ocrx_word' id='word_1_92' title='bbox 880 1966 997 2028; x_wconf 83' lang='lat' dir='ltr'>exortis</span> <span class='ocrx_word' id='word_1_93' title='bbox 1015 1965 1165 2047; x_wconf 71' lang='lat' dir='ltr'>tabulam,</span> <span class='ocrx_word' id='word_1_94' title='bbox 1191 1987 1285 2048; x_wconf 90' lang='lat' dir='ltr'>quam</span> <span class='ocrx_word' id='word_1_95' title='bbox 1301 1987 1456 2048; x_wconf 89' lang='lat' dir='ltr'>nusquam</span> 
     </span>
     <span class='ocr_line' id='line_1_14' title="bbox 283 2071 1454 2158; baseline -0.001 -23"><span class='ocrx_word' id='word_1_96' title='bbox 283 2072 358 2136; x_wconf 89' lang='lat' dir='ltr'>alibi</span> <span class='ocrx_word' id='word_1_97' title='bbox 385 2075 462 2158; x_wconf 81' lang='lat' dir='ltr'>legis</span> <span class='ocrx_word' id='word_1_98' title='bbox 487 2073 529 2155; x_wconf 85' lang='lat' dir='ltr'>(v.</span> <span class='ocrx_word' id='word_1_99' title='bbox 546 2075 609 2136; x_wconf 75' lang='lat'>392</span> <span class='ocrx_word' id='word_1_100' title='bbox 635 2074 683 2154; x_wconf 82' lang='lat' dir='ltr'>s).</span> <span class='ocrx_word' id='word_1_101' title='bbox 708 2073 852 2135; x_wconf 72' lang='lat' dir='ltr'>Artificis</span> <span class='ocrx_word' id='word_1_102' title='bbox 876 2082 981 2135; x_wconf 89' lang='lat' dir='ltr'>autem</span> <span class='ocrx_word' id='word_1_103' title='bbox 1006 2075 1195 2156; x_wconf 83' lang='lat' dir='ltr'>inventaque</span> <span class='ocrx_word' id='word_1_104' title='bbox 1215 2071 1319 2135; x_wconf 78' lang='lat' dir='ltr'>Ovidii</span> <span class='ocrx_word' id='word_1_105' title='bbox 1345 2071 1454 2134; x_wconf 66' lang='lat' dir='ltr'>chiroc-</span> 
     </span>
     <span class='ocr_line' id='line_1_15' title="bbox 282 2179 1455 2265; baseline -0.002 -23"><span class='ocrx_word' id='word_1_106' title='bbox 282 2188 365 2263; x_wconf 72' lang='lat' dir='ltr'>runt,</span> <span class='ocrx_word' id='word_1_107' title='bbox 389 2185 423 2241; x_wconf 92' lang='lat' dir='ltr'>ut</span> <span class='ocrx_word' id='word_1_108' title='bbox 446 2181 584 2243; x_wconf 83' lang='lat' dir='ltr'>narratio</span> <span class='ocrx_word' id='word_1_109' title='bbox 608 2181 772 2264; x_wconf 91' lang='lat' dir='ltr'>paululum</span> <span class='ocrx_word' id='word_1_110' title='bbox 796 2180 1047 2265; x_wconf 77' lang='lat' dir='ltr'>perturbaretur3</span> <span class='ocrx_word' id='word_1_111' title='bbox 1073 2179 1126 2242; x_wconf 91' lang='lat' dir='ltr'>uhi</span> <span class='ocrx_word' id='word_1_112' title='bbox 1150 2180 1232 2241; x_wconf 87' lang='lat' dir='ltr'>enirn</span> <span class='ocrx_word' id='word_1_113' title='bbox 1249 2179 1352 2261; x_wconf 70' lang='lat' dir='ltr'>tason,</span> <span class='ocrx_word' id='word_1_114' title='bbox 1379 2199 1455 2262; x_wconf 92' lang='lat' dir='ltr'>quo-</span> 
     </span>
     <span class='ocr_line' id='line_1_16' title="bbox 283 2285 1456 2371; baseline 0 -22"><span class='ocrx_word' id='word_1_115' title='bbox 283 2308 353 2349; x_wconf 90' lang='lat' dir='ltr'>cum</span> <span class='ocrx_word' id='word_1_116' title='bbox 376 2286 522 2349; x_wconf 85' lang='lat' dir='ltr'>Medeam</span> <span class='ocrx_word' id='word_1_117' title='bbox 553 2288 638 2349; x_wconf 90' lang='lat' dir='ltr'>lolco</span> <span class='ocrx_word' id='word_1_118' title='bbox 669 2287 788 2370; x_wconf 82' lang='lat' dir='ltr'>fugisse</span> <span class='ocrx_word' id='word_1_119' title='bbox 816 2286 1029 2371; x_wconf 76' lang='lat' dir='ltr'>Apollodorus</span> <span class='ocrx_word' id='word_1_120' title='bbox 1058 2286 1133 2349; x_wconf 90' lang='lat' dir='ltr'>dicit</span> <span class='ocrx_word' id='word_1_121' title='bbox 1157 2285 1280 2365; x_wconf 89' lang='lat' dir='ltr'>(bibl.I</span> <span class='ocrx_word' id='word_1_122' title='bbox 1307 2286 1370 2350; x_wconf 86' lang='lat'>144</span> <span class='ocrx_word' id='word_1_123' title='bbox 1394 2288 1456 2367; x_wconf 74' lang='lat' dir='ltr'>sl?</span> 
     </span>
    </p>

    <p class='ocr_par' dir='ltr' id='par_1_4' title="bbox 282 2392 1457 3439">
     <span class='ocr_line' id='line_1_17' title="bbox 389 2392 1457 2479; baseline 0 -24"><span class='ocrx_word' id='word_1_124' title='bbox 389 2393 511 2456; x_wconf 86' lang='lat' dir='ltr'>Eodem</span> <span class='ocrx_word' id='word_1_125' title='bbox 534 2392 625 2455; x_wconf 90' lang='lat' dir='ltr'>modo</span> <span class='ocrx_word' id='word_1_126' title='bbox 641 2401 735 2478; x_wconf 88' lang='lat' dir='ltr'>atque</span> <span class='ocrx_word' id='word_1_127' title='bbox 756 2393 1005 2479; x_wconf 79' lang='lat' dir='ltr'>mythographus</span> <span class='ocrx_word' id='word_1_128' title='bbox 1030 2393 1060 2473; x_wconf 83' lang='lat' dir='ltr'>(l</span> <span class='ocrx_word' id='word_1_129' title='bbox 1078 2392 1457 2477; x_wconf 52' lang='lat' dir='ltr'>translatumesse</span> 
     </span>
     <span class='ocr_line' id='line_1_18' title="bbox 283 2481 1454 2585; baseline 0 -24"><span class='ocrx_word' id='word_1_130' title='bbox 283 2501 361 2581; x_wconf 87' lang='lat'>(394</span> <span class='ocrx_word' id='word_1_131' title='bbox 386 2502 449 2582; x_wconf 72' lang='lat' dir='ltr'>ss),</span> <span class='ocrx_word' id='word_1_132' title='bbox 474 2501 532 2562; x_wconf 87' lang='lat' dir='ltr'>nisi</span> <span class='ocrx_word' id='word_1_133' title='bbox 557 2500 640 2585; x_wconf 90' lang='lat' dir='ltr'>quod</span> <span class='ocrx_word' id='word_1_134' title='bbox 659 2501 705 2581; x_wconf 73' lang='lat' dir='ltr'>iis,</span> <span class='ocrx_word' id='word_1_135' title='bbox 731 2522 810 2584; x_wconf 73' lang='lat' dir='ltr'>(quae</span> <span class='ocrx_word' id='word_1_136' title='bbox 826 2500 967 2563; x_wconf 74' lang='lat' dir='ltr'>Corinthi</span> <span class='ocrx_word' id='word_1_137' title='bbox 988 2481 1198 2576; x_wconf 70' lang='lat' dir='ltr'>factaessent</span> <span class='ocrx_word' id='word_1_138' title='bbox 1224 2501 1314 2584; x_wconf 90' lang='lat' dir='ltr'>quasi</span> <span class='ocrx_word' id='word_1_139' title='bbox 1338 2520 1454 2585; x_wconf 89' lang='lat' dir='ltr'>appen-</span> 
     </span>
     <span class='ocr_line' id='line_1_19' title="bbox 283 2606 1456 2691; baseline -0.002 -22"><span class='ocrx_word' id='word_1_140' title='bbox 283 2606 384 2669; x_wconf 89' lang='lat' dir='ltr'>dicem</span> <span class='ocrx_word' id='word_1_141' title='bbox 400 2608 602 2691; x_wconf 87' lang='lat' dir='ltr'>l&#39;eriphantis</span> <span class='ocrx_word' id='word_1_142' title='bbox 623 2607 762 2669; x_wconf 81' lang='lat' dir='ltr'>fabulam</span> <span class='ocrx_word' id='word_1_143' title='bbox 778 2607 942 2669; x_wconf 78' lang='lat' dir='ltr'>subiunxit</span> <span class='ocrx_word' id='word_1_144' title='bbox 966 2607 1047 2687; x_wconf 70' lang='lat' dir='ltr'>(Vh</span> <span class='ocrx_word' id='word_1_145' title='bbox 1064 2606 1295 2689; x_wconf 75' lang='lat'>399--401).⁷)</span> <span class='ocrx_word' id='word_1_146' title='bbox 1320 2606 1456 2689; x_wconf 81' lang='lat' dir='ltr'>Reliqua</span> 
     </span>
     <span class='ocr_line' id='line_1_20' title="bbox 283 2713 1454 2798; baseline -0.002 -22"><span class='ocrx_word' id='word_1_147' title='bbox 283 2719 386 2776; x_wconf 90' lang='lat' dir='ltr'>autem</span> <span class='ocrx_word' id='word_1_148' title='bbox 416 2713 527 2776; x_wconf 90' lang='lat' dir='ltr'>eadem</span> <span class='ocrx_word' id='word_1_149' title='bbox 555 2720 640 2775; x_wconf 90' lang='lat' dir='ltr'>sunt:</span> <span class='ocrx_word' id='word_1_150' title='bbox 666 2713 779 2775; x_wconf 87' lang='lat' dir='ltr'>Medea</span> <span class='ocrx_word' id='word_1_151' title='bbox 808 2715 970 2794; x_wconf 70' lang='lat' dir='ltr'>tllaueam⁷</span> <span class='ocrx_word' id='word_1_152' title='bbox 1002 2714 1124 2775; x_wconf 82' lang='lat' dir='ltr'>Iasonis</span> <span class='ocrx_word' id='word_1_153' title='bbox 1153 2721 1293 2798; x_wconf 81' lang='lat' dir='ltr'>nuptam,</span> <span class='ocrx_word' id='word_1_154' title='bbox 1327 2714 1454 2776; x_wconf 78' lang='lat' dir='ltr'>venenis</span> 
     </span>
     <span class='ocr_line' id='line_1_21' title="bbox 283 2819 1455 2904; baseline -0.002 -21"><span class='ocrx_word' id='word_1_155' title='bbox 283 2822 438 2902; x_wconf 78' lang='lat' dir='ltr'>interficit,</span> <span class='ocrx_word' id='word_1_156' title='bbox 462 2822 543 2884; x_wconf 87' lang='lat' dir='ltr'>lilios</span> <span class='ocrx_word' id='word_1_157' title='bbox 558 2842 629 2883; x_wconf 88' lang='lat' dir='ltr'>suos</span> <span class='ocrx_word' id='word_1_158' title='bbox 644 2828 742 2902; x_wconf 62' lang='lat' dir='ltr'>inierat,</span> <span class='ocrx_word' id='word_1_159' title='bbox 760 2820 870 2883; x_wconf 90' lang='lat' dir='ltr'>iunctis</span> <span class='ocrx_word' id='word_1_160' title='bbox 895 2820 1083 2882; x_wconf 72' lang='lat' dir='ltr'>draconibus</span> <span class='ocrx_word' id='word_1_161' title='bbox 1097 2820 1239 2882; x_wconf 74' lang='lat' dir='ltr'>Athenas</span> <span class='ocrx_word' id='word_1_162' title='bbox 1256 2819 1295 2882; x_wconf 92' lang='lat' dir='ltr'>ad</span> <span class='ocrx_word' id='word_1_163' title='bbox 1311 2820 1455 2904; x_wconf 78' lang='lat' dir='ltr'>Aegeum</span> 
     </span>
     <span class='ocr_line' id='line_1_22' title="bbox 284 2927 1453 3012; baseline -0.002 -22"><span class='ocrx_word' id='word_1_164' title='bbox 284 2928 374 3012; x_wconf 83' lang='lat' dir='ltr'>fugit.</span> <span class='ocrx_word' id='word_1_165' title='bbox 422 2927 511 3001; x_wconf 79' lang='lat' dir='ltr'>Quae</span> <span class='ocrx_word' id='word_1_166' title='bbox 539 2950 609 2990; x_wconf 88' lang='lat' dir='ltr'>eum</span> <span class='ocrx_word' id='word_1_167' title='bbox 646 2927 685 2989; x_wconf 88' lang='lat' dir='ltr'>ab</span> <span class='ocrx_word' id='word_1_168' title='bbox 715 2929 782 3011; x_wconf 89' lang='lat' dir='ltr'>ipso</span> <span class='ocrx_word' id='word_1_169' title='bbox 815 2927 928 2990; x_wconf 10' lang='lat' dir='ltr'>&lt;elvidio</span> <span class='ocrx_word' id='word_1_170' title='bbox 960 2929 990 2988; x_wconf 91' lang='lat' dir='ltr'>in</span> <span class='ocrx_word' id='word_1_171' title='bbox 1023 2927 1185 3009; x_wconf 83' lang='lat' dir='ltr'>tragoedia</span> <span class='ocrx_word' id='word_1_172' title='bbox 1218 2933 1350 2989; x_wconf 85' lang='lat' dir='ltr'>tractata</span> <span class='ocrx_word' id='word_1_173' title='bbox 1384 2929 1453 3008; x_wconf 74' lang='lat' dir='ltr'>sint,</span> 
     </span>
     <span class='ocr_line' id='line_1_23' title="bbox 283 3033 1455 3118; baseline 0.001 -23"><span class='ocrx_word' id='word_1_174' title='bbox 283 3056 404 3098; x_wconf 83' lang='lat' dir='ltr'>sumina</span> <span class='ocrx_word' id='word_1_175' title='bbox 427 3035 582 3098; x_wconf 79' lang='lat' dir='ltr'>brevitate</span> <span class='ocrx_word' id='word_1_176' title='bbox 606 3035 822 3097; x_wconf 73' lang='lat' dir='ltr'>absolvuntur.</span> <span class='ocrx_word' id='word_1_177' title='bbox 859 3033 1017 3096; x_wconf 73' lang='lat' dir='ltr'>Adnctem</span> <span class='ocrx_word' id='word_1_178' title='bbox 1042 3054 1111 3095; x_wconf 89' lang='lat' dir='ltr'>cum</span> <span class='ocrx_word' id='word_1_179' title='bbox 1140 3033 1285 3115; x_wconf 83' lang='lat' dir='ltr'>lliodoro⁷</span> <span class='ocrx_word' id='word_1_180' title='bbox 1311 3035 1363 3118; x_wconf 92' lang='lat' dir='ltr'>qni</span> <span class='ocrx_word' id='word_1_181' title='bbox 1389 3036 1455 3118; x_wconf 89' lang='lat' dir='ltr'>ipse</span> 
     </span>
     <span class='ocr_line' id='line_1_24' title="bbox 283 3139 1454 3226; baseline -0.001 -23"><span class='ocrx_word' id='word_1_182' title='bbox 283 3162 339 3204; x_wconf 89' lang='lat' dir='ltr'>sua</span> <span class='ocrx_word' id='word_1_183' title='bbox 371 3164 412 3205; x_wconf 84' lang='lat' dir='ltr'>ex</span> <span class='ocrx_word' id='word_1_184' title='bbox 444 3141 628 3226; x_wconf 85' lang='lat' dir='ltr'>compendio</span> <span class='ocrx_word' id='word_1_185' title='bbox 653 3141 785 3225; x_wconf 90' lang='lat' dir='ltr'>sumpsit</span> <span class='ocrx_word' id='word_1_186' title='bbox 817 3139 871 3221; x_wconf 85' lang='lat' dir='ltr'>(cf.</span> <span class='ocrx_word' id='word_1_187' title='bbox 891 3141 924 3202; x_wconf 82' lang='lat' dir='ltr'>ll.</span> <span class='ocrx_word' id='word_1_188' title='bbox 942 3140 1043 3202; x_wconf 85' lang='lat' dir='ltr'>Bothe</span> <span class='ocrx_word' id='word_1_189' title='bbox 1069 3148 1201 3223; x_wconf 87' lang='lat' dir='ltr'>quaestt.</span> <span class='ocrx_word' id='word_1_190' title='bbox 1223 3140 1315 3203; x_wconf 84' lang='lat' dir='ltr'>lliod.</span> <span class='ocrx_word' id='word_1_191' title='bbox 1336 3162 1366 3224; x_wconf 88' lang='lat' dir='ltr'>p.</span> <span class='ocrx_word' id='word_1_192' title='bbox 1390 3142 1454 3222; x_wconf 82' lang='lat'>18),</span> 
     </span>
     <span class='ocr_line' id='line_1_25' title="bbox 282 3247 1453 3331; baseline 0.001 -24"><span class='ocrx_word' id='word_1_193' title='bbox 282 3249 430 3311; x_wconf 83' lang='lat' dir='ltr'>Ovidium</span> <span class='ocrx_word' id='word_1_194' title='bbox 461 3251 643 3331; x_wconf 63' lang='lat' dir='ltr'>consentire</span> <span class='ocrx_word' id='word_1_195' title='bbox 674 3249 806 3310; x_wconf 85' lang='lat' dir='ltr'>funestis</span> <span class='ocrx_word' id='word_1_196' title='bbox 834 3247 966 3309; x_wconf 82' lang='lat' dir='ltr'>Medeae</span> <span class='ocrx_word' id='word_1_197' title='bbox 995 3247 1085 3309; x_wconf 86' lang='lat' dir='ltr'>donis</span> <span class='ocrx_word' id='word_1_198' title='bbox 1114 3247 1305 3331; x_wconf 65' lang='lat' dir='ltr'>nuptialibus</span> <span class='ocrx_word' id='word_1_199' title='bbox 1334 3249 1453 3331; x_wconf 81' lang='lat' dir='ltr'>regiam</span> 
     </span>
     <span class='ocr_line' id='line_1_26' title="bbox 282 3352 804 3439; baseline -0.002 -22"><span class='ocrx_word' id='word_1_200' title='bbox 282 3356 440 3417; x_wconf 83' lang='lat' dir='ltr'>flammam</span> <span class='ocrx_word' id='word_1_201' title='bbox 463 3356 642 3439; x_wconf 71' lang='lat' dir='ltr'>concepisse</span> <span class='ocrx_word' id='word_1_202' title='bbox 666 3352 804 3436; x_wconf 83' lang='lat'>(395).⁸)</span> 
     </span>
    </p>

    <p class='ocr_par' dir='ltr' id='par_1_5' title="bbox 393 3458 1453 3546">
     <span class='ocr_line' id='line_1_27' title="bbox 393 3458 1453 3546; baseline -0.002 -23"><span class='ocrx_word' id='word_1_203' title='bbox 393 3462 426 3524; x_wconf 94' lang='lat' dir='ltr'>ln</span> <span class='ocrx_word' id='word_1_204' title='bbox 450 3463 512 3524; x_wconf 87' lang='lat' dir='ltr'>fine</span> <span class='ocrx_word' id='word_1_205' title='bbox 535 3461 627 3523; x_wconf 87' lang='lat' dir='ltr'>huius</span> <span class='ocrx_word' id='word_1_206' title='bbox 651 3463 727 3546; x_wconf 70' lang='lat' dir='ltr'>cycli</span> <span class='ocrx_word' id='word_1_207' title='bbox 753 3461 908 3542; x_wconf 73' lang='lat' dir='ltr'>Mediam,</span> <span class='ocrx_word' id='word_1_208' title='bbox 932 3467 1096 3544; x_wconf 77' lang='lat' dir='ltr'>postquam</span> <span class='ocrx_word' id='word_1_209' title='bbox 1122 3462 1262 3522; x_wconf 77' lang='lat' dir='ltr'>Athenas</span> <span class='ocrx_word' id='word_1_210' title='bbox 1292 3458 1453 3544; x_wconf 50' lang='lat' dir='ltr'>fugerim)</span> 
     </span>
    </p>
   </div>
   <div class='ocr_carea' id='block_1_3' title="bbox 217 3567 1454 3759">
    <p class='ocr_par' dir='ltr' id='par_1_6' title="bbox 217 3567 1454 3759">
     <span class='ocr_line' id='line_1_28' title="bbox 217 3567 1454 3652; baseline -0.003 -21"><span class='ocrx_word' id='word_1_211' title='bbox 217 3650 219 3652; x_wconf 66' lang='lat'>‚</span> <span class='ocrx_word' id='word_1_212' title='bbox 281 3568 321 3631; x_wconf 91' lang='lat' dir='ltr'>ab</span> <span class='ocrx_word' id='word_1_213' title='bbox 345 3569 454 3651; x_wconf 78' lang='lat' dir='ltr'>Aegeo</span> <span class='ocrx_word' id='word_1_214' title='bbox 479 3570 508 3629; x_wconf 90' lang='lat' dir='ltr'>in</span> <span class='ocrx_word' id='word_1_215' title='bbox 533 3568 766 3630; x_wconf 81' lang='lat' dir='ltr'>matrimoniinn</span> <span class='ocrx_word' id='word_1_216' title='bbox 790 3575 949 3652; x_wconf 83' lang='lat' dir='ltr'>acceptam</span> <span class='ocrx_word' id='word_1_217' title='bbox 980 3590 1047 3629; x_wconf 83' lang='lat' dir='ltr'>esse</span> <span class='ocrx_word' id='word_1_218' title='bbox 1072 3567 1204 3629; x_wconf 69' lang='lat' dir='ltr'>lividius</span> <span class='ocrx_word' id='word_1_219' title='bbox 1232 3575 1454 3629; x_wconf 86' lang='lat' dir='ltr'>commemorat</span> 
     </span>
     <span class='ocr_line' id='line_1_29' title="bbox 281 3673 1453 3759; baseline -0.003 -24"><span class='ocrx_word' id='word_1_220' title='bbox 281 3675 383 3756; x_wconf 81' lang='lat'>(403).</span> <span class='ocrx_word' id='word_1_221' title='bbox 409 3675 472 3736; x_wconf 71' lang='lat' dir='ltr'>Sed</span> <span class='ocrx_word' id='word_1_222' title='bbox 503 3674 612 3738; x_wconf 77' lang='lat' dir='ltr'>v.4l)4</span> <span class='ocrx_word' id='word_1_223' title='bbox 647 3674 728 3736; x_wconf 86' lang='lat' dir='ltr'>redit</span> <span class='ocrx_word' id='word_1_224' title='bbox 759 3696 805 3754; x_wconf 78' lang='lat' dir='ltr'>eo,</span> <span class='ocrx_word' id='word_1_225' title='bbox 838 3674 920 3759; x_wconf 85' lang='lat' dir='ltr'>nude</span> <span class='ocrx_word' id='word_1_226' title='bbox 952 3676 1101 3737; x_wconf 80' lang='lat' dir='ltr'>extremis</span> <span class='ocrx_word' id='word_1_227' title='bbox 1135 3674 1203 3735; x_wconf 91' lang='lat' dir='ltr'>libri</span> <span class='ocrx_word' id='word_1_228' title='bbox 1230 3673 1287 3736; x_wconf 32' lang='lat' dir='ltr'>Vt*</span> <span class='ocrx_word' id='word_1_229' title='bbox 1311 3674 1453 3737; x_wconf 74' lang='lat' dir='ltr'>versibus</span> 
     </span>
    </p>
   </div>
   <div class='ocr_carea' id='block_1_4' title="bbox 280 3848 1453 4723">
    <p class='ocr_par' dir='ltr' id='par_1_7' title="bbox 280 3848 1453 4184">
     <span class='ocr_line' id='line_1_30' title="bbox 280 3848 1452 3917; baseline -0.001 -16"><span class='ocrx_word' id='word_1_230' title='bbox 280 3852 389 3914; x_wconf 79' lang='lat' dir='ltr'>misisse,</span> <span class='ocrx_word' id='word_1_231' title='bbox 414 3866 481 3917; x_wconf 68' lang='lat' dir='ltr'>&lt;priato</span> <span class='ocrx_word' id='word_1_232' title='bbox 502 3848 591 3901; x_wconf 90' lang='lat' dir='ltr'>Peliae</span> <span class='ocrx_word' id='word_1_233' title='bbox 613 3848 720 3901; x_wconf 86' lang='lat' dir='ltr'>insidias</span> <span class='ocrx_word' id='word_1_234' title='bbox 747 3850 949 3903; x_wconf 83' lang='lat' dir='ltr'>machinaretur.</span> <span class='ocrx_word' id='word_1_235' title='bbox 989 3852 1080 3902; x_wconf 87' lang='lat' dir='ltr'>Peliae</span> <span class='ocrx_word' id='word_1_236' title='bbox 1105 3850 1200 3902; x_wconf 90' lang='lat' dir='ltr'>deinde</span> <span class='ocrx_word' id='word_1_237' title='bbox 1228 3850 1356 3901; x_wconf 81' lang='lat' dir='ltr'>interlecti</span> <span class='ocrx_word' id='word_1_238' title='bbox 1378 3852 1452 3915; x_wconf 73' lang='lat' dir='ltr'>signo</span> 
     </span>
     <span class='ocr_line' id='line_1_31' title="bbox 280 3937 1453 4006; baseline -0.003 -15"><span class='ocrx_word' id='word_1_239' title='bbox 280 3956 296 3991; x_wconf 91' lang='lat' dir='ltr'>a</span> <span class='ocrx_word' id='word_1_240' title='bbox 320 3938 417 3991; x_wconf 90' lang='lat' dir='ltr'>Medea</span> <span class='ocrx_word' id='word_1_241' title='bbox 439 3938 501 3990; x_wconf 77' lang='lat' dir='ltr'>(lato</span> <span class='ocrx_word' id='word_1_242' title='bbox 526 3939 646 3991; x_wconf 79' lang='lat' dir='ltr'>Iasonem</span> <span class='ocrx_word' id='word_1_243' title='bbox 674 3956 706 3989; x_wconf 89' lang='lat' dir='ltr'>ex</span> <span class='ocrx_word' id='word_1_244' title='bbox 730 3937 833 3990; x_wconf 85' lang='lat' dir='ltr'>insidiis</span> <span class='ocrx_word' id='word_1_245' title='bbox 857 3938 1007 4004; x_wconf 67' lang='lat' dir='ltr'>advenisse,</span> <span class='ocrx_word' id='word_1_246' title='bbox 1033 3942 1104 4006; x_wconf 87' lang='lat' dir='ltr'>regia</span> <span class='ocrx_word' id='word_1_247' title='bbox 1130 3940 1241 4006; x_wconf 87' lang='lat' dir='ltr'>potitum</span> <span class='ocrx_word' id='word_1_248' title='bbox 1266 3955 1331 4002; x_wconf 89' lang='lat' dir='ltr'>esse,</span> <span class='ocrx_word' id='word_1_249' title='bbox 1355 3940 1453 3991; x_wconf 74' lang='lat' dir='ltr'>Acrrsto</span> 
     </span>
     <span class='ocr_line' id='line_1_32' title="bbox 281 4027 1452 4094; baseline -0.001 -14"><span class='ocrx_word' id='word_1_250' title='bbox 281 4028 371 4080; x_wconf 86' lang='lat' dir='ltr'>Peliae</span> <span class='ocrx_word' id='word_1_251' title='bbox 397 4028 459 4092; x_wconf 84' lang='lat' dir='ltr'>filio,</span> <span class='ocrx_word' id='word_1_252' title='bbox 484 4030 527 4092; x_wconf 88' lang='lat' dir='ltr'>qni</span> <span class='ocrx_word' id='word_1_253' title='bbox 552 4044 641 4079; x_wconf 79' lang='lat' dir='ltr'>serunt</span> <span class='ocrx_word' id='word_1_254' title='bbox 664 4027 699 4079; x_wconf 91' lang='lat' dir='ltr'>ad</span> <span class='ocrx_word' id='word_1_255' title='bbox 719 4028 831 4080; x_wconf 85' lang='lat' dir='ltr'>t&#39;olchos</span> <span class='ocrx_word' id='word_1_256' title='bbox 850 4030 946 4093; x_wconf 80' lang='lat' dir='ltr'>ivisset,</span> <span class='ocrx_word' id='word_1_257' title='bbox 967 4044 1075 4094; x_wconf 81' lang='lat' dir='ltr'>regnunt</span> <span class='ocrx_word' id='word_1_258' title='bbox 1095 4027 1241 4093; x_wconf 74' lang='lat' dir='ltr'>tradidisse,</span> <span class='ocrx_word' id='word_1_259' title='bbox 1261 4030 1346 4094; x_wconf 85' lang='lat' dir='ltr'>ipsum</span> <span class='ocrx_word' id='word_1_260' title='bbox 1365 4035 1452 4079; x_wconf 85' lang='lat' dir='ltr'>autem</span> 
     </span>
     <span class='ocr_line' id='line_1_33' title="bbox 280 4115 797 4184; baseline -0.004 -15"><span class='ocrx_word' id='word_1_261' title='bbox 280 4133 339 4170; x_wconf 89' lang='lat' dir='ltr'>cum</span> <span class='ocrx_word' id='word_1_262' title='bbox 359 4115 455 4169; x_wconf 87' lang='lat' dir='ltr'>Medea</span> <span class='ocrx_word' id='word_1_263' title='bbox 475 4116 630 4168; x_wconf 88' lang='lat' dir='ltr'>Corinthum</span> <span class='ocrx_word' id='word_1_264' title='bbox 650 4119 797 4184; x_wconf 85' lang='lat' dir='ltr'>emigrasse.</span> 
     </span>
    </p>

    <p class='ocr_par' dir='ltr' id='par_1_8' title="bbox 389 4205 763 4273">
     <span class='ocr_line' id='line_1_34' title="bbox 389 4205 763 4273; baseline -0.003 -16"><span class='ocrx_word' id='word_1_265' title='bbox 389 4205 409 4273; x_wconf 76' lang='grc'>7)</span> <span class='ocrx_word' id='word_1_266' title='bbox 430 4205 468 4257; x_wconf 87' lang='lat' dir='ltr'>Ct&#39;.</span> <span class='ocrx_word' id='word_1_267' title='bbox 489 4209 586 4258; x_wconf 74' lang='lat' dir='ltr'>Anton.</span> <span class='ocrx_word' id='word_1_268' title='bbox 603 4205 687 4258; x_wconf 87' lang='lat' dir='ltr'>Liber.</span> <span class='ocrx_word' id='word_1_269' title='bbox 709 4206 725 4260; x_wconf 89' lang='lat' dir='ltr'>l&#39;.</span> <span class='ocrx_word' id='word_1_270' title='bbox 739 4210 763 4258; x_wconf 83' lang='lat' dir='ltr'>ti.</span> 
     </span>
    </p>

    <p class='ocr_par' dir='ltr' id='par_1_9' title="bbox 388 4294 1043 4364">
     <span class='ocr_line' id='line_1_35' title="bbox 388 4294 1043 4364; baseline 0.005 -21"><span class='ocrx_word' id='word_1_271' title='bbox 388 4296 409 4357; x_wconf 79' lang='grc'>8)</span> <span class='ocrx_word' id='word_1_272' title='bbox 430 4294 505 4361; x_wconf 74' lang='lat' dir='ltr'>Quod</span> <span class='ocrx_word' id='word_1_273' title='bbox 527 4297 588 4347; x_wconf 90' lang='lat' dir='ltr'>item</span> <span class='ocrx_word' id='word_1_274' title='bbox 608 4296 703 4362; x_wconf 80' lang='lat' dir='ltr'>legitur</span> <span class='ocrx_word' id='word_1_275' title='bbox 722 4296 792 4362; x_wconf 89' lang='lat' dir='ltr'>apud</span> <span class='ocrx_word' id='word_1_276' title='bbox 813 4296 945 4364; x_wconf 74' lang='lat' dir='ltr'>Hyginum</span> <span class='ocrx_word' id='word_1_277' title='bbox 964 4296 981 4347; x_wconf 86' lang='lat' dir='ltr'>t&#39;.</span> <span class='ocrx_word' id='word_1_278' title='bbox 1002 4300 1043 4348; x_wconf 79' lang='lat'>25.</span> 
     </span>
    </p>

    <p class='ocr_par' dir='ltr' id='par_1_10' title="bbox 280 4383 1452 4723">
     <span class='ocr_line' id='line_1_36' title="bbox 387 4383 1452 4451; baseline -0.002 -15"><span class='ocrx_word' id='word_1_279' title='bbox 387 4384 409 4451; x_wconf 76' lang='lat'>⁰)</span> <span class='ocrx_word' id='word_1_280' title='bbox 431 4385 591 4450; x_wconf 84' lang='lat' dir='ltr'>„Titaniacis</span> <span class='ocrx_word' id='word_1_281' title='bbox 610 4383 787 4437; x_wconf 77' lang='lat' dir='ltr'>d1·aconilnis“</span> <span class='ocrx_word' id='word_1_282' title='bbox 814 4384 925 4437; x_wconf 86' lang='lat' dir='ltr'>Ovidius</span> <span class='ocrx_word' id='word_1_283' title='bbox 950 4403 972 4436; x_wconf 92' lang='lat' dir='ltr'>v.</span> <span class='ocrx_word' id='word_1_284' title='bbox 994 4388 1044 4437; x_wconf 66' lang='grc'>396</span> <span class='ocrx_word' id='word_1_285' title='bbox 1070 4383 1191 4436; x_wconf 89' lang='lat' dir='ltr'>Medeam</span> <span class='ocrx_word' id='word_1_286' title='bbox 1211 4384 1330 4435; x_wconf 78' lang='lat' dir='ltr'>Athenas</span> <span class='ocrx_word' id='word_1_287' title='bbox 1352 4391 1452 4436; x_wconf 87' lang='lat' dir='ltr'>vectam</span> 
     </span>
     <span class='ocr_line' id='line_1_37' title="bbox 280 4472 1452 4542; baseline -0.002 -16"><span class='ocrx_word' id='word_1_288' title='bbox 280 4490 337 4527; x_wconf 89' lang='lat' dir='ltr'>esse</span> <span class='ocrx_word' id='word_1_289' title='bbox 364 4491 423 4527; x_wconf 90' lang='lat' dir='ltr'>cum</span> <span class='ocrx_word' id='word_1_290' title='bbox 442 4474 641 4542; x_wconf 83' lang='lat' dir='ltr'>mythographis</span> <span class='ocrx_word' id='word_1_291' title='bbox 669 4476 800 4526; x_wconf 90' lang='lat' dir='ltr'>consentit</span> <span class='ocrx_word' id='word_1_292' title='bbox 825 4476 870 4539; x_wconf 90' lang='lat' dir='ltr'>(ct.</span> <span class='ocrx_word' id='word_1_293' title='bbox 892 4472 961 4541; x_wconf 83' lang='lat' dir='ltr'>Apd.</span> <span class='ocrx_word' id='word_1_294' title='bbox 982 4475 992 4525; x_wconf 97' lang='lat' dir='ltr'>l</span> <span class='ocrx_word' id='word_1_295' title='bbox 1016 4479 1077 4540; x_wconf 67' lang='lat'>1463</span> <span class='ocrx_word' id='word_1_296' title='bbox 1105 4474 1242 4542; x_wconf 86' lang='lat' dir='ltr'>hypothes.</span> <span class='ocrx_word' id='word_1_297' title='bbox 1271 4473 1340 4525; x_wconf 87' lang='lat' dir='ltr'>Med.</span> <span class='ocrx_word' id='word_1_298' title='bbox 1368 4473 1452 4539; x_wconf 72' lang='lat' dir='ltr'>nnn).</span> 
     </span>
     <span class='ocr_line' id='line_1_38' title="bbox 281 4562 1452 4631; baseline 0.001 -17"><span class='ocrx_word' id='word_1_299' title='bbox 281 4564 350 4631; x_wconf 84' lang='lat' dir='ltr'>hege</span> <span class='ocrx_word' id='word_1_300' title='bbox 370 4578 437 4628; x_wconf 88' lang='lat' dir='ltr'>quac</span> <span class='ocrx_word' id='word_1_301' title='bbox 456 4562 488 4614; x_wconf 86' lang='lat' dir='ltr'>de</span> <span class='ocrx_word' id='word_1_302' title='bbox 507 4564 557 4616; x_wconf 87' lang='lat' dir='ltr'>hac</span> <span class='ocrx_word' id='word_1_303' title='bbox 577 4580 604 4615; x_wconf 89' lang='lat' dir='ltr'>re</span> <span class='ocrx_word' id='word_1_304' title='bbox 624 4563 747 4616; x_wconf 88' lang='lat' dir='ltr'>disseruit</span> <span class='ocrx_word' id='word_1_305' title='bbox 766 4564 796 4615; x_wconf 81' lang='lat' dir='ltr'>ll.</span> <span class='ocrx_word' id='word_1_306' title='bbox 812 4564 895 4615; x_wconf 85' lang='lat' dir='ltr'>Bethe</span> <span class='ocrx_word' id='word_1_307' title='bbox 914 4565 940 4614; x_wconf 90' lang='lat' dir='ltr'>in</span> <span class='ocrx_word' id='word_1_308' title='bbox 957 4562 1163 4631; x_wconf 77' lang='lat' dir='ltr'>„Prolegomena</span> <span class='ocrx_word' id='word_1_309' title='bbox 1177 4581 1198 4615; x_wconf 81' lang='lat' dir='ltr'>a.</span> <span class='ocrx_word' id='word_1_310' title='bbox 1214 4562 1309 4616; x_wconf 79' lang='lat' dir='ltr'>(hsch.</span> <span class='ocrx_word' id='word_1_311' title='bbox 1329 4562 1353 4615; x_wconf 89' lang='lat' dir='ltr'>d.</span> <span class='ocrx_word' id='word_1_312' title='bbox 1368 4563 1452 4616; x_wconf 86' lang='lat' dir='ltr'>Then-</span> 
     </span>
     <span class='ocr_line' id='line_1_39' title="bbox 280 4653 520 4723; baseline -0.017 -16"><span class='ocrx_word' id='word_1_313' title='bbox 280 4653 349 4707; x_wconf 82' lang='lat' dir='ltr'>ters“</span> <span class='ocrx_word' id='word_1_314' title='bbox 370 4669 395 4723; x_wconf 83' lang='lat' dir='ltr'>p.</span> <span class='ocrx_word' id='word_1_315' title='bbox 418 4656 466 4703; x_wconf 71' lang='lat'>147</span> <span class='ocrx_word' id='word_1_316' title='bbox 487 4668 520 4704; x_wconf 89' lang='lat' dir='ltr'>ss.</span> 
     </span>
    </p>
   </div>
   <div class='ocr_carea' id='block_1_5' title="bbox 0 0 1880 5592">
    <p class='ocr_par' dir='ltr' id='par_1_11' title="bbox 0 0 1880 5592">
     <span class='ocr_line' id='line_1_40' title="bbox 0 0 1880 5592; baseline 0 2"><span class='ocrx_word' id='word_1_317' title='bbox 0 0 1880 5592; x_wconf 95' lang='lat' dir='ltr'> </span> 
     </span>
    </p>
   </div>
  </div>
 </body>
</html>
