3750 5592
848 620 1066 680 -56.-

370 818 455 882 sibus
479 817 606 880 odorem
631 816 794 880 enchiridii
818 816 1021 901 mythologici
1039 816 1154 879 sentire
1170 816 1245 879 mihi
1272 816 1391 900 videor,
1416 839 1457 882 cx
1481 839 1542 903 quo

368 925 618 990 commodissime
632 932 726 1010 poeta
741 923 885 987 laborum
900 923 1130 987 Herculeorum
1146 945 1313 987 numerum
1327 926 1540 1010 compleverit.

476 1032 540 1097 Sed
563 1054 602 1095 nc
615 1030 812 1096 desideretur
827 1033 924 1095 artior
940 1032 1054 1116 aliquis
1073 1052 1142 1094 cum
1157 1029 1347 1095 bibliotheca
1362 1053 1540 1117 consensus,

369 1141 506 1203 illustrat
535 1137 668 1204 Ovidius
697 1138 857 1202 horridam
889 1145 1063 1203 venenatae
1095 1140 1190 1204 vestis
1226 1140 1290 1204 vim
1320 1139 1369 1203 his
1399 1140 1541 1204 versibus

370 1246 445 1327 (161
472 1247 544 1329 sal:

531 1354 712 1438 „incaluit
736 1355 783 1417 vis
808 1354 862 1415 illa
886 1354 961 1416 mali
986 1353 1188 1439 resolutaque
1212 1354 1345 1417 {lanimis

531 1462 706 1524 Herculeos
731 1460 810 1524 abiit
833 1463 895 1524 late
919 1460 1042 1546 dilapsa
1064 1482 1121 1546 per
1144 1461 1259 1524 artus.“

372 1569 432 1631 166
458 1590 497 1631 s:
532 1590 608 1650 ,nec
630 1589 727 1651 mora,
753 1568 911 1631 letiferam
934 1575 1092 1632 conatur
1116 1568 1288 1632 scindere
1312 1576 1467 1633 vestem:

529 1696 592 1760 qua
615 1674 759 1758 trahitur,
784 1675 879 1739 trahit
903 1675 958 1738 illa
981 1682 1093 1758 cutem,
1120 1675 1311 1761 foedumque
1335 1677 1446 1759 relatu,

528 1791 583 1846 aut
605 1783 715 1846 haeret
737 1783 886 1846 membris
910 1783 1028 1845 frustra
1051 1788 1202 1868 temptata
1226 1783 1347 1864 revelli,

529 1896 583 1953 aut
606 1891 751 1953 laceros
775 1896 880 1952 artus
903 1897 939 1952 et
963 1888 1122 1974 grandia
1146 1889 1286 1975 detegit
1310 1890 1423 1953 ossa.“

476 2002 565 2071 Quae
589 2016 736 2060 nonaum
752 1996 916 2082 Sophocle,
934 1998 988 2082 qui
1003 1998 1094 2059 aliter
1109 2017 1175 2059 rem
1192 1996 1339 2060 describit
1356 1997 1409 2078 (of.
1427 1996 1539 2060 Trach.

370 2105 433 2167 765
457 2125 513 2187 ss,
548 2105 632 2168 1053
658 2104 723 2186 ss),
753 2104 808 2167 sed
838 2125 908 2166 cum
940 2105 976 2166 iis
1008 2104 1195 2189 conspirant,
1230 2125 1311 2188 quae
1343 2103 1475 2188 legimus
1508 2105 1543 2166 in

368 2211 558 2275 bibliotheca
572 2211 623 2294 (H
639 2211 735 2293 158);
763 2210 878 2291 ,ὡςδὲ
902 2210 1193 2297 θερμανθέντος
1215 2212 1268 2274 τοῦ
1293 2217 1432 2295 gerrico:
1452 2210 1545 2297 ὁτῆς

370 2316 471 2404 ὕδρας
492 2318 544 2386 ἑὸς
564 2319 619 2381 τὸν
643 2323 751 2405 χρῶτα
776 2319 882 2404 ἔσηπε,
908 2318 1041 2381 ...τὸν
1066 2317 1105 2381 δὲ
1128 2324 1270 2402 χιτῶνα
1295 2318 1443 2381 ἀπέσπα
1467 2339 1543 2404 προ-

369 2425 550 2512 σπεφυκότα
584 2448 631 2509 τῳ
666 2425 808 2510 σώματι·
845 2431 1141 2488 συναπεσπῶντο
1173 2425 1212 2488 δὲ
1248 2424 1307 2488 καὶ
1340 2424 1375 2488 οἱ
1407 2422 1547 2511 σάρκες

369 2534 514 2596 α1)τοῦ.“

474 2640 616 2703 Eandem
640 2646 805 2725 praeterea
829 2640 982 2724 originem
1006 2641 1142 2702 clamant
1165 2661 1245 2724 quac
1262 2641 1411 2724 leguntur
1435 2639 1507 2701 indo
1523 2661 1545 2703 a

368 2771 398 2812 v.
414 2748 488 2811 229.
514 2748 704 2810 Narratione
728 2748 811 2809 enim
835 2747 875 2810 do
897 2745 1007 2828 Licha,
1023 2748 1111 2809 cuius
1124 2745 1391 2831 metamorphosin
1414 2746 1544 2809 aliunde

368 2853 546 2938 addidit,¹³)
571 2854 611 2916 ad
634 2856 729 2918 finem
752 2853 902 2939 perducta
917 2853 1049 2918 Ovidius
1072 2853 1260 2918 brevissima
1275 2853 1399 2917 dicendi
1422 2854 1544 2916 ratione

290 3042 293 3048 Ι
368 2982 497 3024 narrare
512 2964 626 3046 porgit,
643 2962 816 3024 llerculem
831 2961 863 3022 in
879 2962 959 3023 Oeta
977 2967 1082 3023 monte
1098 2980 1210 3044 rogum
1227 2960 1414 3043 ascendisse,
1435 2980 1544 3022 arcum

368 3075 473 3132 autern
498 3069 690 3152 sagittasque
706 3067 900 3131 Philoctetae
926 3067 1043 3130 donum
1061 3066 1195 3151 dedisse,
1221 3069 1273 3151 qui
1290 3088 1401 3151 rogum
1416 3086 1544 3129 succcu-

369 3174 464 3257 derit,
489 3183 562 3237 ruet.
584 3175 636 3237 [X
661 3175 724 3238 229
750 3196 805 3238 ss:

693 3289 744 3362 ,at
767 3288 811 3365 tu,
836 3282 925 3345 loris
951 3283 1057 3344 inclita
1081 3284 1194 3366 proles,

475 3388 639 3451 arboribus
663 3390 770 3471 caesis,
797 3410 874 3472 quas
898 3387 998 3451 ardua
1022 3395 1163 3473 gesserat
1187 3390 1274 3472 Oete,

475 3497 569 3580 inque
593 3517 705 3581 pyram
729 3496 863 3578 structis,
889 3516 997 3558 arcum
1020 3495 1264 3581 pharetramque
1289 3517 1436 3580 capacem

475 3624 635 3687 regnaque
659 3604 781 3667 visuras
806 3604 919 3665 iterum
944 3603 1081 3665 Troiana
1105 3602 1234 3686 sagittas

475 3710 559 3773 ferre
584 3708 671 3773 iubes
699 3711 835 3773 l'oeante
860 3716 972 3792 satum,
998 3731 1059 3794 quo
1082 3710 1209 3771 llamnra
1234 3711 1375 3772 ministro

1117 3814 1270 3879 subdita.“

368 3925 458 3987 Haec
473 3946 491 3986 a
505 3924 667 4007 tragoedia
691 3925 793 3987 aliena
818 3923 871 4004 (cf.
887 3945 916 4007 p.
934 3924 976 3985 54
992 3923 1030 4004 s.)
1055 3922 1165 3985 eodem
1189 3921 1282 3985 modo
1295 3925 1436 3986 narravit
1460 3943 1544 3986 com·

367 4031 472 4116 pendii
505 4037 621 4112 auctor,
653 4038 687 4093 ut
715 4030 929 4115 Apollodorus
963 4030 1012 4110 (ll
1046 4031 1107 4092 159
1137 4031 1175 4111 s.)
1211 4029 1369 4092 'lliodorus
1398 4029 1460 4110 (lV
1485 4030 1543 4113 38)

373 4139 519 4223 llyginus
544 4138 579 4218 (f.
598 4139 653 4219 36)
678 4139 759 4200 iuter
782 4160 815 4199 se
839 4145 1046 4222 congruentes
1072 4137 1199 4200 docent:

371 4282 416 4331 181
439 4280 478 4347 a).
509 4279 549 4331 De
568 4278 691 4331 Herculis
710 4280 735 4330 iu
756 4276 864 4332 deorum
883 4279 974 4331 hortos
992 4276 1026 4329 ad
1046 4276 1208 4345 Hesperidas
1228 4276 1406 4344 expeditione,
1426 4293 1493 4344 quae
1515 4280 1542 4329 in

368 4366 529 4420 bibliotheca
555 4368 646 4420 ultimo
673 4368 730 4419 loco
756 4368 818 4419 olim
846 4367 980 4434 legebatur
1000 4365 1046 4434 (cf.
1066 4368 1098 4418 1).
1120 4368 1212 4431 Bothe,
1233 4367 1250 4417 l.
1271 4367 1287 4417 l.
1308 4383 1333 4434 p.
1350 4369 1392 4432 13,
1412 4368 1543 4435 11111155),

369 4456 484 4509 diversas
503 4455 604 4509 fabulas
625 4455 733 4509 Ovidius
751 4456 829 4509 affert
848 4475 869 4508 r.
886 4460 936 4509 190
956 4463 982 4509 et
1004 4460 1066 4523 1983
1087 4455 1119 4509 cs.
1134 4455 1203 4523 Apd.
1217 4456 1243 4507 ll
1265 4459 1323 4520 113,
1346 4458 1396 4507 120
1409 4471 1428 4507 s.

477 4545 509 4613 ²³)
528 4546 626 4599 Lichae
647 4544 763 4598 fabulam
781 4562 797 4598 a
815 4546 1015 4615 mythographis
1040 4551 1269 4600 commemoratam
1290 4546 1378 4598 nescio
1398 4560 1449 4612 quo
1469 4543 1543 4598 fonte

367 4651 430 4688 usus
447 4637 522 4687 auxit
541 4633 650 4687 Ovidius
669 4634 897 4702 transfiguratione
913 4634 1012 4687 addita.
1033 4636 1155 4687 Ceterum
1175 4632 1206 4686 of.
1221 4636 1387 4687 Lactantium
1406 4649 1474 4686 riarr.
1488 4632 1542 4688 fab.

368 4725 408 4780 IX
420 4728 445 4794 3,
465 4725 561 4782 similia
580 4722 695 4797 quidem,
715 4723 761 4780 sed
780 4740 832 4779 nou
852 4724 945 4780 eadem
963 4723 1122 4781 referentem
1141 4723 1173 4777 dc
1192 4724 1276 4780 Licha
1294 4729 1403 4778 mutato.
