3750 5592
810 706 851 719 ...
899 669 1029 734 63..

332 868 588 952 (1111616664)
625 869 713 932 cuius
744 868 909 931 arbitrium
939 867 979 931 ad
1010 866 1203 931 llraooorum
1240 866 1334 931 (16666
1363 867 1503 932 dolatum

333 999 401 1041 6666
425 977 527 1057 (61111
554 978 585 1059 1)
610 977 705 1039 661661
728 975 947 1061 compendium
965 982 1091 1060 praetor
1115 976 1248 1038 altoram
1271 975 1359 1038 illam
1383 981 1505 1038 666666-

332 1086 417 1167 61616,
449 1083 565 1146 66111666
593 1082 709 1145 indicos
737 1083 833 1144 fuisso
862 1081 1002 1166 captivos
1026 1081 1188 1164 Troianos,
1223 1080 1406 1166 pracbuisso
1437 1080 1506 1144 hib-

334 1189 847 1274 116611666666166666666616166
878 1188 921 1272 (5,
948 1189 981 1269 6)
1005 1190 1093 1252 tostis
1117 1201 1172 1252 ost.
1221 1190 1310 1261 Quac
1334 1195 1439 1252 autom
1462 1188 1501 1251 do
1580 1188 1582 1193 ’

332 1298 439 1360 Aiacis
462 1304 562 1360 morto
587 1303 617 1359 66
640 1296 679 1360 (16
703 1298 789 1379 61616,
819 1296 873 1380 qui
898 1317 939 1358 ox
964 1296 1116 1381 sanguino
1146 1296 1211 1359 6166
1236 1296 1407 1378 omorscrit,
1431 1295 1506 1360 Ovi-

333 1404 402 1467 dius
426 1404 524 1467 rofort
548 1403 651 1485 (XllI
682 1403 882 1485 384-399),
908 1402 947 1465 ab
971 1402 1166 1486 Apollodoro
1191 1402 1254 1487 (cp.
1272 1404 1301 1483 5,
1327 1402 1402 1482 66.)
1428 1402 1506 1465 adoo

333 1511 520 1596 discrepant,
545 1519 580 1574 ut
602 1532 644 1574 cx
667 1509 729 1572 alio
753 1510 840 1572 16666
863 1530 901 1571 66
925 1517 1052 1593 sumpta
1075 1531 1142 1571 6666
1167 1517 1310 1593 apertum
1335 1509 1384 1571 sit.

439 1618 535 1681 ltodit
558 1624 650 1702 pocta
674 1616 713 1679 ad
742 1617 923 1700 exemplum
954 1639 981 1679 v.
1000 1617 1128 1684 39966.
1154 1616 1327 1701 oodomque
1355 1615 1447 1678 modo
1472 1636 1508 1678 ao

332 1722 523 1789 bibliothooa
539 1734 655 1806 narrat,
679 1726 741 1785 iam
754 1722 838 1786 bollo
855 1724 887 1785 in
901 1722 1057 1785 dccimum
1075 1743 1191 1786 annum
1213 1722 1363 1808 producto
1381 1723 1508 1784 lllixcm

332 1834 531 1896 arcossivisso
555 1832 674 1894 homno
691 1831 895 1894 l‘hiloctctem
920 1851 990 1893 cum
1006 1829 1155 1893 Horculis
1180 1832 1300 1914 sagittis
1324 1837 1354 1893 66
1378 1829 1505 1891 tandom

334 1940 461 2003 Troiam
484 1939 632 2004 occidisse
655 1938 855 2019 (399--463,
880 1937 957 2001 bibl.
974 1945 1022 2022 'op
1039 1938 1111 2000 Vat.
1130 1939 1158 2019 5,
1185 1938 1228 2018 8).

439 2048 622 2131 Antoquam
650 2054 755 2108 autom
783 2045 983 2108 uberioribus
1012 2044 1168 2107 coloribus
1192 2045 1386 2129 Polyxenac,
1415 2044 1508 2128 Poly-

334 2156 485 2237 mestoris,
511 2152 690 2217 11666666
715 2154 880 2215 incanam
904 2152 1148 2214 transformatac
1172 2151 1295 2215 fabulas
1320 2151 1407 2214 Naso
1429 2157 1508 2213 trac-

335 2264 413 2325 tavit
428 2260 641 2342 (418-575),
668 2262 699 2322 in
716 2258 830 2344 quibus
853 2260 1022 2343 praecipuo
1038 2258 1200 2343 Euripidis
1215 2257 1355 2321 Troados
1371 2280 1442 2320 oum
1462 2279 1509 2320 so·

334 2374 440 2431 cutum
463 2367 722 2430 666611,ΡΙ66116
742 2367 888 2450 exposuit
912 2365 945 2446 (l.
965 2366 983 2429 l.
1001 2388 1031 2449 p.
1048 2366 1066 2426 6
1082 2365 1131 2449 6.),
1156 2386 1256 2449 pauca
1278 2366 1441 2449 praofatus
1463 2370 1510 2426 666

335 2474 374 2537 (lc
398 2474 512 2536 Troiad
536 2475 632 2536 exltlo
658 2469 905 2554 (404-4ll)‚⁹l
928 2467 1047 2533 scillcet
1064 2471 1216 2534 Hecubae
1243 2473 1275 2534 in
1292 2471 1508 2535 Chersonneso

335 2585 486 2660 mutatae,
515 2581 633 2641 Priami
663 2580 830 2658 inlorlccti,
847 2578 1051 2641 Cassandrae
1081 2579 1224 2660 61616666,
1254 2578 1463 2641 Troianorum
1491 2600 1509 2639 6

335 2686 464 2749 Graccis
479 2685 696 2767 abductorum,
721 2685 923 2769 Astyanactis
948 2685 1039 2747 occisi
1055 2687 1245 2747 montionom
1267 2684 1350 2746 lacit.
1376 2684 1424 2747 Ac
1439 2691 1510 2747 sunt

334 2795 475 2878 profecto
500 2793 533 2854 in
556 2792 604 2854 his
621 2813 701 2877 quac
717 2792 896 2874 Vorgilium
920 2792 1045 2875 sapiant
1069 2791 1111 2872 (6.
1128 2790 1263 2854 Ehwald
1278 2791 1318 2854 ad
1342 2792 1417 2874 410,
1433 2792 1508 2875 412,

335 2901 428 2982 413);
452 2920 522 2963 cum
546 2908 651 2961 autom
675 2898 798 2982 plura
791 2919 823 2959 m
846 2897 1509 2981 6666166666666166166666666,661661

334 3008 384 3070 hic
407 3006 557 3071 (tridium
580 3004 800 3126 compendium
828 3005 975 3069 ascivisso
1003 3011 1089 3089 put,o
1115 3007 1219 3067 16666
1243 3027 1290 3088 66,
1321 3028 1401 3091 quac
1425 3006 1509 3091 apud

334 3114 564 3199 lpollodorum
588 3128 680 3197 opo,
651 3114 784 3174 521-
788 3113 866 3175 256
854 3118 933 3174 66666
935 3118 988 3173 ant
987 3133 1037 3195 66
1064 3114 1095 3174 16
1119 3132 1236 3197 paucos
1255 3135 1363 3177 vorsus
1388 3119 1509 3176 contra-

336 3218 567 3293 6661666666
598 3221 622 3279 si
655 3220 762 3301 sumis,
793 3219 873 3281 bono
904 3219 1091 3303 explicatur
1122 3239 1177 3282 cur
1201 3220 1333 3283 Ovidius
1357 3220 1509 3283 Hecubae

335 3327 508 3391 fabulam
500 3348 562 3390 iam
587 3326 760 3390 404-407
788 3328 968 3390 lovitortct
923 3326 1072 3411 totigorit,
1098 3347 1289 3412 quamquam
1303 3347 1373 3391 eam
1389 3328 1453 3389 418
1469 3348 1508 3389 os.

335 3435 461 3498 domum
474 3435 602 3498 ubcrius
617 3435 767 3497 narravit.
803 3433 928 3497 Etonim
944 3433 1077 3498 Ovidius
1096 3436 1190 3498 etiam
1215 3436 1246 3496 in
1270 3435 1361 3498 1111
1386 3442 1417 3497 66
1439 3435 1508 3498 VH

336 3542 444 3603 Inonis
455 3548 486 3604 66
494 3542 705 3623 Athamantis,
716 3540 874 3604 Procridis
885 3547 915 3603 66
931 3540 1063 3625 Cephali
1076 3541 1211 3623 fabulas,
1226 3562 1302 3627 quas
1316 3541 1348 3603 in
1360 3549 1510 3619 contextu

335 3648 549 3711 narrationum
573 3670 614 3710 cx
630 3648 851 3732 compendiot
838 3648 971 3710 translat
959 3657 1061 3710 tarum
1081 3649 1187 3732 paucis
1205 3648 1402 3733 significavit,
1425 3658 1509 3734 post·

335 3754 427 3817 modo
450 3760 562 3838 666666
586 3755 717 3817 61166166
741 3754 861 3818 auxilio
884 3754 1064 3817 advocatot
1017 3756 1205 3817 otractavit
1185 3755 1278 3818 6661
1246 3754 1509 3846 >Memnonis

336 3860 471 3946 donique
496 3860 605 3924 fabula
629 3861 732 3942 (Xlll
757 3862 864 3923 576-
824 3861 947 3941 -622)
972 3860 1065 3923 hoct
1053 3865 1120 3923 ttan
1122 3882 1175 3923 um
1198 3862 1341 3945 proferro
1370 3883 1508 3948 possum,

335 3967 496 4031 Nasonem
520 3989 590 4031 cam
615 3990 738 4053 quoquo
763 3969 794 4031 in
818 3966 1002 4052 compendio
1029 3968 1142 4051 logisoo
1167 3968 1220 4049 (61.
1242 3968 1327 4053 Apd.
1351 3989 1400 4054 cp.
1417 3971 1446 4051 5,
1472 3970 1506 4052 33

335 4074 464 4158 Procl.),
489 4075 556 4138 loco
580 4082 686 4138 autom
710 4095 772 4160 quo
797 4077 860 4159 lagi
885 4076 965 4137 solet
988 4086 1142 4137 remotam
1164 4095 1310 4138 narrasse
1334 4076 1506 4139 socundum

334 4181 592 4245 Alexandrinum
614 4183 753 4267 aliquom
775 4190 910 4267 poetam.
922 4179 960 4263 ¹⁰)

441 4289 489 4352 Ao
512 4308 552 4351 nc
575 4291 706 4353 miretur
730 4290 799 4375 quis
822 4289 973 4353 Ovidium
997 4311 1038 4352 ox
1058 4289 1309 4353 Antohomoriois
1333 4312 1443 4375 pauca,
1467 4311 1509 4353 ex

336 4394 579 4460 Posthomcricis
612 4396 699 4460 haud
733 4397 838 4481 plura,
868 4418 908 4458 ox
940 4395 1042 4459 Iliade
1073 4404 1104 4459 ot
1133 4396 1275 4483 Odyssea
1306 4407 1411 4461 autom
1442 4398 1508 4460 foro

443 4553 465 4621 l)
484 4556 515 4607 V.
538 4559 687 4623 ‹lot-407,
712 4558 867 4620 109-111,
901 4570 967 4620 quos
991 4555 1104 4609 Ehwald
1127 4558 1153 4609 iu
1181 4556 1373 4610 dubitationem
1396 4556 1507 4622 vocavit,

336 4641 456 4696 dosondit
474 4660 557 4712 nuper
575 4646 662 4711 Helm,
682 4646 751 4698 Mus.
765 4643 850 4697 eren.
864 4646 915 4698 vol.
930 4647 973 4711 56,
993 4663 1018 4714 p.
1033 4649 1084 4699 358
1097 4662 1117 4699 6.

445 4732 477 4802 10)
497 4733 529 4789 V.
548 4735 623 4787 Ehw.
643 4734 685 4787 ad.
704 4751 728 4786 v.
749 4735 809 4787 576.
