3750 5592
828 676 1047 738 -65-

351 880 513 937 memorat.
544 872 597 935 Ex
619 870 918 935 Posth'omericis
942 869 1078 955 denique
1091 869 1205 932 Ulixes
1228 867 1322 932 affert
1345 889 1378 931 se
1391 868 1526 932 Achillis

349 1000 463 1064 corpus
494 1001 536 1041 ex
566 999 675 1063 pugna
705 979 858 1062 eripuisse
889 976 954 1038 284
979 998 1014 1059 s,
1043 975 1075 1038 id
1106 975 1191 1060 quod
1220 974 1439 1060 compendium
1470 974 1524 1055 (cf.

350 1083 426 1150 bibl.
449 1105 499 1169 ep.
522 1086 552 1165 5,
577 1085 597 1145 4
621 1093 653 1146 et
675 1084 816 1147 tabulam
840 1084 971 1146 Iliacam
981 1080 1018 1164 12)
1042 1081 1133 1146 Aiaci
1157 1082 1276 1145 tribuit.

457 1192 564 1276 Atque
587 1191 666 1254 haec
689 1192 794 1254 onmia
817 1189 928 1253 eadem
952 1197 1025 1253 sunt
1048 1209 1130 1273 quae
1153 1190 1204 1252 vel
1230 1190 1263 1251 in
1280 1187 1393 1272 Iliade,
1418 1189 1469 1252 vel
1494 1189 1526 1251 in

350 1297 547 1383 Apollodori,
572 1297 686 1379 Procli,
700 1295 738 1376 13)
762 1296 886 1381 Hygini
901 1295 1078 1380 compendii
1095 1296 1307 1380 expilatorum
1320 1294 1526 1358 relationibus
1578 1365 1580 1369 Α

352 1404 509 1488 leguntur,
534 1403 593 1465 nisi
617 1402 702 1488 quod
718 1401 862 1484 Ovidius,
886 1411 920 1465 ut
944 1403 1108 1488 utriusque
1130 1401 1235 1464 herois
1259 1400 1370 1464 laudes
1384 1408 1526 1485 augeret,

351 1531 400 1573 res
414 1510 576 1595 paulisper
589 1509 724 1573 mutavit
746 1508 791 1589 (u.
804 1509 894 1571 hlhw.
909 1508 951 1572 ad
966 1511 1019 1591 81,
1035 1508 1123 1589 230).
1149 1508 1249 1571 Poeta
1267 1509 1363 1592 igitur
1379 1508 1527 1591 exempla

350 1638 406 1679 sua
429 1637 492 1679 non
515 1616 609 1680 modo
632 1636 674 1678 ex
690 1615 802 1698 Iliade,
828 1614 882 1678 sed
907 1637 948 1677 ex
967 1615 1112 1678 omnibus
1129 1615 1262 1698 sumpsit
1285 1634 1366 1699 quae
1390 1613 1527 1677 efficiunt

350 1724 472 1807 cyclum
496 1723 613 1794 fabulis
637 1742 796 1785 armorum
821 1722 969 1784 iudicium
986 1720 1252 1784 antecedentibus.
1281 1720 1322 1782 Et
1345 1721 1378 1784 id
1401 1720 1525 1805 agebat,

351 1839 385 1890 ut
401 1830 460 1892 sihi
485 1829 632 1913 exempla
654 1834 780 1914 praesto
805 1835 918 1908 essent,
943 1848 1023 1910 quae
1048 1828 1098 1891 vel
1123 1826 1163 1889 ab
1180 1827 1277 1890 Ulixe
1301 1830 1351 1891 uel
1370 1827 1410 1891 ab
1426 1826 1525 1890 Aiace

350 1936 429 1998 obici
459 1940 588 2019 possent
616 1934 806 1998 adversario.
854 1933 949 1997 Unde
973 1939 1078 1996 autem
1102 1934 1179 1997 talia
1202 1933 1395 1997 commodius
1419 1940 1527 2019 petere

350 2044 461 2125 potuit,
490 2042 551 2103 nisi
584 2062 626 2105 ex
655 2040 840 2126 compendio
872 2040 993 2124 eodem,
1024 2040 1107 2125 quod
1131 2039 1345 2125 Apollodorus
1374 2040 1526 2125 Hyginus

351 2149 480 2212 Proclus
510 2149 638 2212 tabulae
672 2149 789 2211 lliacae
827 2154 934 2211 auctor
966 2149 1167 2211 asciverunt?
1214 2145 1359 2210 Concedo
1391 2144 1525 2209 Iliadem

350 2263 414 2317 tam
437 2256 666 2327 benenovisse
689 2262 814 2341 poetam
837 2256 1028 2336 Romanum,
1052 2267 1087 2317 ut
1112 2255 1204 2317 facile
1229 2256 1257 2316 ei
1281 2256 1429 2339 exempla
1452 2261 1526 2339 apta

351 2362 382 2424 in
413 2365 596 2426 memoriam
628 2364 784 2444 venirent,
818 2384 854 2424 ae
885 2382 997 2425 revera
1029 2364 1059 2423 in
1091 2361 1184 2423 robus
1217 2361 1324 2424 Iliacis
1357 2360 1526 2423 alienandis

352 2469 502 2530 librorum
526 2468 668 2530 ordinem
691 2469 840 2552 neglegit.
865 2467 910 2529 At
924 2469 1049 2552 reliqua
1072 2467 1181 2529 ordine
1195 2474 1304 2529 narrat
1318 2466 1438 2549 eodem,
1464 2488 1527 2551 quo

351 2596 368 2634 a
387 2574 627 2658 mythographis
642 2575 835 2655 all'eruntur3
860 2594 958 2658 quare
975 2594 1047 2635 eum
1071 2574 1271 2636 utilissimum
1295 2572 1375 2636 illud
1392 2573 1526 2635 enchiri-

351 2680 447 2764 dium,
479 2688 513 2743 ut
542 2680 689 2770 exempla
720 2680 779 2742 sibi
810 2680 951 2763 eligeret,
982 2680 1175 2763 percurrisse
1206 2680 1350 2743 arbitror.
1398 2679 1527 2742 Addam

350 2787 476 2850 easdem
504 2808 553 2850 res
577 2786 727 2851 Ovidium
755 2806 884 2849 narrare
913 2794 1008 2871 atque
1032 2786 1271 2871 Apollodorum,
1303 2793 1334 2849 et
1358 2788 1527 2872 praecipue

351 2894 408 2957 hac
433 2896 463 2956 in
479 2917 513 2957 re
530 2916 600 2957 cum
615 2915 652 2958 eo
666 2900 775 2956 contra
788 2893 937 2956 Proclum
951 2893 1136 2975 consentire,
1161 2893 1245 2978 quod
1260 2915 1290 2956 v.
1309 2893 1349 2956 99
1365 2892 1526 2957 Helenum

349 3006 475 3085 captum
498 3023 568 3064 cum
585 3000 729 3063 Palladio
744 3007 834 3083 rapto
848 2999 1021 3063 coniunxit.
1053 3000 1138 3062 Nam
1153 3021 1223 3062 cunr
1236 3000 1324 3062 Aiax
1347 3000 1437 3065 factis
1462 3002 1526 3063 suis
1602 3009 1604 3012 ’

349 3108 502 3188 gloriatus
526 3114 582 3189 est,
607 3109 650 3169 sic
674 3108 760 3192 loqui
784 3108 888 3191 pergit
911 3128 942 3170 v.
965 3107 1026 3169 98:

398 3213 556 3294 ,conferat
578 3213 628 3276 his
653 3212 780 3276 ithacus
803 3213 946 3276 Rhesum
971 3213 1193 3297 imbellemque
1217 3213 1341 3276 Dolona

394 3319 687 3405 Priamidenque
712 3319 900 3383 Helenum
924 3329 1034 3405 rapta
1058 3340 1136 3382 curn
1161 3320 1321 3382 Pallade
1345 3322 1522 3405 captum.“

348 3427 443 3499 Quod
473 3435 556 3491 recte
584 3428 624 3490 ab
651 3426 818 3492 Elrwaldio
847 3426 934 3508 (ann.
956 3426 997 3489 ad
1021 3448 1049 3490 v.
1072 3426 1127 3508 99)
1159 3425 1199 3489 ad
1230 3426 1305 3490 bibl.
1329 3449 1378 3512 ep.
1399 3428 1430 3511 5,
1456 3429 1474 3489 9
1500 3451 1524 3490 s.

349 3533 494 3596 refertur.
507 3532 544 3615 14)

456 3641 545 3712 Quae
569 3661 639 3703 cum
663 3641 706 3703 ita
730 3641 802 3723 sint,
826 3641 937 3703 eadem
962 3643 1083 3703 ratione
1107 3662 1142 3702 ac
1159 3638 1274 3702 Thesei
1298 3641 1347 3703 rel
1374 3639 1525 3703 Herculis

348 3749 431 3810 lacta
455 3746 588 3810 Ovidius
611 3748 756 3810 tractavit
779 3768 827 3830 ea,
858 3768 939 3830 quac
963 3747 1003 3809 de
1026 3746 1146 3809 Troicis
1169 3748 1203 3808 in
1226 3746 1412 3830 compendio
1438 3748 1523 3830 legit.

347 3852 411 3915 Sed
435 3875 474 3916 ne
500 3853 666 3916 lectoribus
694 3852 825 3915 eruditis
854 3855 1019 3916 molestum
1044 3860 1136 3935 esset,
1159 3860 1282 3937 partem
1305 3854 1525 3917 tantummodo

347 3960 527 4023 fabularum
542 3959 651 4023 ordine
671 3962 812 4043 protulit,
835 3960 974 4046 reliquas
994 3969 1109 4042 autem,
1133 3971 1168 4022 ut
1188 3960 1220 4022 in
1236 3959 1385 4023 Herculis
1403 3959 1521 4023 fabulis

347 4066 381 4146 (l.
407 4066 459 4128 IX
485 4068 546 4129 182
564 4067 633 4149 ss),
657 4065 698 4129 ab
713 4066 788 4151 ipsis
804 4067 952 4131 heroibus
973 4067 1112 4131 breviter
1128 4065 1420 4130 commemorandas
1436 4068 1519 4130 fecit.

421 4187 433 4194 ⁵
457 4205 488 4274 12)
508 4204 547 4257 cf.
561 4205 793 4272 Jahn-Michaelis,
813 4207 918 4261 Griech.
932 4206 1171 4261 Bilderchrouiken
1191 4224 1216 4275 p.
1232 4210 1274 4259 25,

456 4294 487 4362 13)
508 4296 596 4349 Procli
615 4303 740 4362 excerpta
759 4312 810 4348 uon
831 4297 948 4364 ipsorum
968 4297 1102 4364 epicorum
1122 4298 1267 4348 carminum
1280 4303 1436 4364 argumenta
1448 4312 1524 4363 prae-

348 4383 417 4449 here,
441 4384 486 4436 sed
506 4401 538 4437 ex
557 4384 714 4452 compendio
734 4384 912 4454 mythologice
931 4385 1038 4438 fluxisse
1063 4384 1252 4439 demonstravit
1273 4386 1305 4438 E.
1319 4385 1413 4451 hetha
1434 4387 1524 4438 Herm.

347 4471 659 4541 mfflmpma

456 4560 487 4626 14)
507 4562 681 4615 Consentiunt
705 4562 817 4615 Proclus
836 4569 862 4614 et
881 4561 1058 4630 hypotheseos
1083 4563 1239 4616 Philoctetis
1265 4562 1406 4630 Sophoclei
1432 4568 1525 4614 anctrrr

348 4649 479 4701 Helenum
498 4649 606 4702 Achivis
625 4649 796 4718 praedixisse,
821 4651 970 4704 Philoctete
996 4667 1029 4703 ex
1048 4651 1148 4705 Lemno
1168 4653 1255 4705 insula
1282 4650 1397 4704 adducto
1417 4651 1524 4704 Troiam

347 4744 453 4805 captum
469 4738 508 4788 iri.
535 4737 612 4804 Quod
631 4738 777 4792 seeundum
790 4737 986 4806 Apollodorum
999 4740 1150 4793 Calchantis
1163 4740 1318 4792 vaticinium
1331 4745 1371 4793 est
1383 4739 1436 4807 (ep.
1452 4743 1476 4806 5,
1486 4740 1523 4806 8).

1363 4831 1379 4881 5
