<?xml version="1.0" encoding="UTF-8"?>
<!DOCTYPE html PUBLIC "-//W3C//DTD XHTML 1.0 Transitional//EN"
    "http://www.w3.org/TR/xhtml1/DTD/xhtml1-transitional.dtd">
<html xmlns="http://www.w3.org/1999/xhtml" xml:lang="en" lang="en">
 <head>
  <title>
</title>
<meta http-equiv="Content-Type" content="text/html;charset=utf-8" />
  <meta name='ocr-system' content='tesseract 3.04.00' />
  <meta name='ocr-capabilities' content='ocr_page ocr_carea ocr_par ocr_line ocrx_word'/>
</head>
<body>
  <div class='ocr_page' id='page_1' title='image "./ovidiusquaratio00kiengoog_0042.png"; bbox 0 0 3750 5592; ppageno 0'>
   <div class='ocr_carea' id='block_1_1' title="bbox 775 611 1045 673">
    <p class='ocr_par' dir='ltr' id='par_1_1' title="bbox 775 611 1045 673">
     <span class='ocr_line' id='line_1_1' title="bbox 775 611 1045 673; baseline 0.004 -1"><span class='ocrx_word' id='word_1_1' title='bbox 775 611 1045 673; x_wconf 40' lang='lat'>238-</span> 
     </span>
    </p>
   </div>
   <div class='ocr_carea' id='block_1_2' title="bbox 348 807 1529 4323">
    <p class='ocr_par' dir='ltr' id='par_1_2' title="bbox 461 807 1281 895">
     <span class='ocr_line' id='line_1_2' title="bbox 461 807 1281 895; baseline 0.001 -26"><span class='ocrx_word' id='word_1_2' title='bbox 461 829 555 894; x_wconf 85' lang='lat' dir='ltr'>,ergo</span> <span class='ocrx_word' id='word_1_3' title='bbox 580 808 632 872; x_wconf 93' lang='lat' dir='ltr'>ubi</span> <span class='ocrx_word' id='word_1_4' title='bbox 657 810 808 872; x_wconf 76' lang='lat' dir='ltr'>concessit</span> <span class='ocrx_word' id='word_1_5' title='bbox 830 815 955 893; x_wconf 90' lang='lat' dir='ltr'>tempus</span> <span class='ocrx_word' id='word_1_6' title='bbox 979 807 1101 895; x_wconf 77' lang='lat' dir='ltr'>puerile</span> <span class='ocrx_word' id='word_1_7' title='bbox 1125 808 1281 891; x_wconf 78' lang='lat' dir='ltr'>iuventae,</span> 
     </span>
    </p>

    <p class='ocr_par' dir='ltr' id='par_1_3' title="bbox 458 915 1211 1002">
     <span class='ocr_line' id='line_1_3' title="bbox 458 915 1211 1002; baseline 0.001 -23"><span class='ocrx_word' id='word_1_8' title='bbox 458 916 575 979; x_wconf 86' lang='lat' dir='ltr'>vellera</span> <span class='ocrx_word' id='word_1_9' title='bbox 599 937 669 979; x_wconf 92' lang='lat' dir='ltr'>cum</span> <span class='ocrx_word' id='word_1_10' title='bbox 691 917 809 1002; x_wconf 84' lang='lat' dir='ltr'>Minyis</span> <span class='ocrx_word' id='word_1_11' title='bbox 832 915 930 979; x_wconf 89' lang='lat' dir='ltr'>nitido</span> <span class='ocrx_word' id='word_1_12' title='bbox 955 915 1111 980; x_wconf 77' lang='lat' dir='ltr'>radiantia</span> <span class='ocrx_word' id='word_1_13' title='bbox 1134 916 1211 980; x_wconf 88' lang='lat' dir='ltr'>villo</span> 
     </span>
    </p>

    <p class='ocr_par' dir='ltr' id='par_1_4' title="bbox 349 1023 1523 1324">
     <span class='ocr_line' id='line_1_4' title="bbox 457 1023 1519 1110; baseline -0.003 -23"><span class='ocrx_word' id='word_1_14' title='bbox 457 1044 514 1110; x_wconf 89' lang='lat' dir='ltr'>per</span> <span class='ocrx_word' id='word_1_15' title='bbox 536 1043 623 1086; x_wconf 90' lang='lat' dir='ltr'>mare</span> <span class='ocrx_word' id='word_1_16' title='bbox 637 1043 699 1086; x_wconf 92' lang='lat' dir='ltr'>non</span> <span class='ocrx_word' id='word_1_17' title='bbox 716 1032 824 1087; x_wconf 89' lang='lat' dir='ltr'>notum</span> <span class='ocrx_word' id='word_1_18' title='bbox 838 1026 941 1109; x_wconf 88' lang='lat' dir='ltr'>prima</span> <span class='ocrx_word' id='word_1_19' title='bbox 955 1026 1074 1108; x_wconf 89' lang='lat' dir='ltr'>potiore</span> <span class='ocrx_word' id='word_1_20' title='bbox 1088 1026 1195 1087; x_wconf 88' lang='lat' dir='ltr'>carina</span> <span class='ocrx_word' id='word_1_21' title='bbox 1220 1024 1297 1105; x_wconf 88' lang='lat' dir='ltr'>(scil.</span> <span class='ocrx_word' id='word_1_22' title='bbox 1314 1023 1519 1106; x_wconf 85' lang='lat' dir='ltr'>Borcades).“</span> 
     </span>
     <span class='ocr_line' id='line_1_5' title="bbox 350 1130 1523 1215; baseline -0.003 -20"><span class='ocrx_word' id='word_1_23' title='bbox 350 1133 421 1195; x_wconf 91' lang='lat' dir='ltr'>Hac</span> <span class='ocrx_word' id='word_1_24' title='bbox 443 1130 732 1214; x_wconf 85' lang='lat' dir='ltr'>coniungendarum</span> <span class='ocrx_word' id='word_1_25' title='bbox 758 1130 939 1194; x_wconf 90' lang='lat' dir='ltr'>fabularum</span> <span class='ocrx_word' id='word_1_26' title='bbox 963 1132 1084 1194; x_wconf 87' lang='lat' dir='ltr'>ratione</span> <span class='ocrx_word' id='word_1_27' title='bbox 1109 1131 1227 1194; x_wconf 86' lang='lat' dir='ltr'>factum</span> <span class='ocrx_word' id='word_1_28' title='bbox 1251 1139 1307 1215; x_wconf 88' lang='lat' dir='ltr'>cst,</span> <span class='ocrx_word' id='word_1_29' title='bbox 1331 1138 1366 1194; x_wconf 88' lang='lat' dir='ltr'>ut</span> <span class='ocrx_word' id='word_1_30' title='bbox 1390 1131 1523 1195; x_wconf 90' lang='lat' dir='ltr'>Ovidius</span> 
     </span>
     <span class='ocr_line' id='line_1_6' title="bbox 349 1238 1187 1324; baseline -0.001 -21"><span class='ocrx_word' id='word_1_31' title='bbox 349 1238 453 1303; x_wconf 89' lang='lat' dir='ltr'>medio</span> <span class='ocrx_word' id='word_1_32' title='bbox 476 1238 679 1324; x_wconf 79' lang='lat' dir='ltr'>Argonautas</span> <span class='ocrx_word' id='word_1_33' title='bbox 703 1239 736 1301; x_wconf 88' lang='lat' dir='ltr'>in</span> <span class='ocrx_word' id='word_1_34' title='bbox 759 1259 852 1302; x_wconf 91' lang='lat' dir='ltr'>cursu</span> <span class='ocrx_word' id='word_1_35' title='bbox 876 1238 1038 1302; x_wconf 89' lang='lat' dir='ltr'>induceret</span> <span class='ocrx_word' id='word_1_36' title='bbox 1059 1238 1127 1302; x_wconf 84' lang='lat' dir='ltr'>VH</span> <span class='ocrx_word' id='word_1_37' title='bbox 1154 1238 1187 1302; x_wconf 90' lang='lat'>1:</span> 
     </span>
    </p>

    <p class='ocr_par' dir='ltr' id='par_1_5' title="bbox 349 1345 1526 1753">
     <span class='ocr_line' id='line_1_7' title="bbox 461 1345 1520 1432; baseline -0.002 -22"><span class='ocrx_word' id='word_1_38' title='bbox 461 1347 614 1432; x_wconf 81' lang='lat' dir='ltr'>,Jamque</span> <span class='ocrx_word' id='word_1_39' title='bbox 661 1346 777 1409; x_wconf 88' lang='lat' dir='ltr'>fretum</span> <span class='ocrx_word' id='word_1_40' title='bbox 818 1346 948 1432; x_wconf 87' lang='lat' dir='ltr'>Minyae</span> <span class='ocrx_word' id='word_1_41' title='bbox 991 1347 1150 1429; x_wconf 84' lang='lat' dir='ltr'>Pagasaea</span> <span class='ocrx_word' id='word_1_42' title='bbox 1195 1367 1301 1431; x_wconf 90' lang='lat' dir='ltr'>puppe</span> <span class='ocrx_word' id='word_1_43' title='bbox 1343 1345 1520 1430; x_wconf 83' lang='lat' dir='ltr'>secabant,“</span> 
     </span>
     <span class='ocr_line' id='line_1_8' title="bbox 349 1453 1525 1540; baseline 0 -24"><span class='ocrx_word' id='word_1_44' title='bbox 349 1476 451 1539; x_wconf 88' lang='lat' dir='ltr'>neque</span> <span class='ocrx_word' id='word_1_45' title='bbox 475 1454 642 1540; x_wconf 90' lang='lat' dir='ltr'>quicquam</span> <span class='ocrx_word' id='word_1_46' title='bbox 666 1453 705 1516; x_wconf 91' lang='lat' dir='ltr'>de</span> <span class='ocrx_word' id='word_1_47' title='bbox 734 1453 855 1516; x_wconf 90' lang='lat' dir='ltr'>itineris</span> <span class='ocrx_word' id='word_1_48' title='bbox 883 1454 1006 1516; x_wconf 81' lang='lat' dir='ltr'>casibus</span> <span class='ocrx_word' id='word_1_49' title='bbox 1031 1460 1298 1538; x_wconf 85' lang='lat' dir='ltr'>commemoraret,</span> <span class='ocrx_word' id='word_1_50' title='bbox 1323 1454 1382 1516; x_wconf 90' lang='lat' dir='ltr'>nisi</span> <span class='ocrx_word' id='word_1_51' title='bbox 1406 1454 1525 1517; x_wconf 90' lang='lat' dir='ltr'>Borea-</span> 
     </span>
     <span class='ocr_line' id='line_1_9' title="bbox 350 1559 1526 1646; baseline 0 -22"><span class='ocrx_word' id='word_1_52' title='bbox 350 1561 424 1624; x_wconf 90' lang='lat' dir='ltr'>dum</span> <span class='ocrx_word' id='word_1_53' title='bbox 448 1567 556 1624; x_wconf 90' lang='lat' dir='ltr'>contra</span> <span class='ocrx_word' id='word_1_54' title='bbox 579 1562 740 1646; x_wconf 77' lang='lat' dir='ltr'>Harpyias</span> <span class='ocrx_word' id='word_1_55' title='bbox 764 1582 902 1646; x_wconf 89' lang='lat' dir='ltr'>pugnam</span> <span class='ocrx_word' id='word_1_56' title='bbox 926 1561 970 1640; x_wconf 75' lang='lat' dir='ltr'>(r.</span> <span class='ocrx_word' id='word_1_57' title='bbox 993 1562 1011 1622; x_wconf 88' lang='lat'>3</span> <span class='ocrx_word' id='word_1_58' title='bbox 1036 1562 1085 1642; x_wconf 87' lang='lat' dir='ltr'>s).</span> <span class='ocrx_word' id='word_1_59' title='bbox 1110 1561 1247 1646; x_wconf 87' lang='lat' dir='ltr'>Reliqua</span> <span class='ocrx_word' id='word_1_60' title='bbox 1269 1560 1347 1624; x_wconf 89' lang='lat' dir='ltr'>haec</span> <span class='ocrx_word' id='word_1_61' title='bbox 1370 1561 1402 1623; x_wconf 91' lang='lat' dir='ltr'>in</span> <span class='ocrx_word' id='word_1_62' title='bbox 1425 1559 1526 1626; x_wconf 84' lang='lat' dir='ltr'>verba</span> 
     </span>
     <span class='ocr_line' id='line_1_10' title="bbox 349 1667 1038 1753; baseline -0.001 -22"><span class='ocrx_word' id='word_1_63' title='bbox 349 1669 516 1731; x_wconf 77' lang='lat' dir='ltr'>coartavit:</span> <span class='ocrx_word' id='word_1_64' title='bbox 545 1669 724 1753; x_wconf 87' lang='lat' dir='ltr'>,multaque</span> <span class='ocrx_word' id='word_1_65' title='bbox 748 1668 907 1752; x_wconf 85' lang='lat' dir='ltr'>perpessi“</span> <span class='ocrx_word' id='word_1_66' title='bbox 935 1667 978 1748; x_wconf 78' lang='lat' dir='ltr'>(r.</span> <span class='ocrx_word' id='word_1_67' title='bbox 996 1668 1038 1749; x_wconf 83' lang='lat'>5).</span> 
     </span>
    </p>

    <p class='ocr_par' dir='ltr' id='par_1_6' title="bbox 348 1773 1527 2392">
     <span class='ocr_line' id='line_1_11' title="bbox 457 1773 1526 1860; baseline -0.002 -22"><span class='ocrx_word' id='word_1_68' title='bbox 457 1775 627 1838; x_wconf 73' lang='lat' dir='ltr'>Celerrime</span> <span class='ocrx_word' id='word_1_69' title='bbox 656 1774 728 1837; x_wconf 92' lang='lat' dir='ltr'>inde</span> <span class='ocrx_word' id='word_1_70' title='bbox 756 1774 911 1860; x_wconf 85' lang='lat' dir='ltr'>procedit:</span> <span class='ocrx_word' id='word_1_71' title='bbox 941 1773 1029 1858; x_wconf 87' lang='lat' dir='ltr'>Argo</span> <span class='ocrx_word' id='word_1_72' title='bbox 1055 1776 1144 1838; x_wconf 85' lang='lat' dir='ltr'>naris</span> <span class='ocrx_word' id='word_1_73' title='bbox 1170 1777 1201 1837; x_wconf 94' lang='lat' dir='ltr'>in</span> <span class='ocrx_word' id='word_1_74' title='bbox 1224 1774 1394 1837; x_wconf 75' lang='lat' dir='ltr'>&#39;l&#39;hasidenr</span> <span class='ocrx_word' id='word_1_75' title='bbox 1418 1777 1526 1859; x_wconf 88' lang='lat' dir='ltr'>intrat,</span> 
     </span>
     <span class='ocr_line' id='line_1_12' title="bbox 349 1880 1526 1967; baseline 0.001 -23"><span class='ocrx_word' id='word_1_76' title='bbox 349 1882 554 1967; x_wconf 88' lang='lat' dir='ltr'>Argonautae</span> <span class='ocrx_word' id='word_1_77' title='bbox 578 1883 679 1946; x_wconf 86' lang='lat' dir='ltr'>vellus</span> <span class='ocrx_word' id='word_1_78' title='bbox 703 1902 834 1944; x_wconf 91' lang='lat' dir='ltr'>aureum</span> <span class='ocrx_word' id='word_1_79' title='bbox 858 1880 898 1945; x_wconf 88' lang='lat' dir='ltr'>ab</span> <span class='ocrx_word' id='word_1_80' title='bbox 914 1881 1017 1944; x_wconf 87' lang='lat' dir='ltr'>Aeeta</span> <span class='ocrx_word' id='word_1_81' title='bbox 1040 1883 1210 1965; x_wconf 88' lang='lat' dir='ltr'>postulant,</span> <span class='ocrx_word' id='word_1_82' title='bbox 1236 1882 1288 1967; x_wconf 90' lang='lat' dir='ltr'>qui</span> <span class='ocrx_word' id='word_1_83' title='bbox 1314 1882 1351 1944; x_wconf 92' lang='lat' dir='ltr'>iis</span> <span class='ocrx_word' id='word_1_84' title='bbox 1375 1882 1526 1966; x_wconf 86' lang='lat' dir='ltr'>gravissi-</span> 
     </span>
     <span class='ocr_line' id='line_1_13' title="bbox 350 1988 1527 2074; baseline 0.001 -22"><span class='ocrx_word' id='word_1_85' title='bbox 350 2011 416 2052; x_wconf 91' lang='lat' dir='ltr'>mas</span> <span class='ocrx_word' id='word_1_86' title='bbox 431 1988 627 2053; x_wconf 85' lang='lat' dir='ltr'>condiciones</span> <span class='ocrx_word' id='word_1_87' title='bbox 644 1989 775 2074; x_wconf 89' lang='lat' dir='ltr'>imponit</span> <span class='ocrx_word' id='word_1_88' title='bbox 791 1989 915 2069; x_wconf 81' lang='lat'>(6-8).</span> <span class='ocrx_word' id='word_1_89' title='bbox 941 1988 1056 2051; x_wconf 89' lang='lat' dir='ltr'>Medea</span> <span class='ocrx_word' id='word_1_90' title='bbox 1070 1994 1173 2052; x_wconf 87' lang='lat' dir='ltr'>autern</span> <span class='ocrx_word' id='word_1_91' title='bbox 1189 2009 1294 2052; x_wconf 88' lang='lat' dir='ltr'>amore</span> <span class='ocrx_word' id='word_1_92' title='bbox 1310 1989 1415 2052; x_wconf 87' lang='lat' dir='ltr'>herois</span> <span class='ocrx_word' id='word_1_93' title='bbox 1431 1997 1527 2074; x_wconf 90' lang='lat' dir='ltr'>capta</span> 
     </span>
     <span class='ocr_line' id='line_1_14' title="bbox 349 2094 1527 2181; baseline -0.001 -21"><span class='ocrx_word' id='word_1_94' title='bbox 349 2097 456 2160; x_wconf 83' lang='lat' dir='ltr'>lasoni</span> <span class='ocrx_word' id='word_1_95' title='bbox 484 2097 638 2159; x_wconf 80' lang='lat' dir='ltr'>auxilium</span> <span class='ocrx_word' id='word_1_96' title='bbox 664 2096 733 2178; x_wconf 83' lang='lat' dir='ltr'>lert,</span> <span class='ocrx_word' id='word_1_97' title='bbox 766 2097 817 2181; x_wconf 85' lang='lat' dir='ltr'>qui</span> <span class='ocrx_word' id='word_1_98' title='bbox 850 2094 970 2158; x_wconf 89' lang='lat' dir='ltr'>artibus</span> <span class='ocrx_word' id='word_1_99' title='bbox 1001 2097 1131 2180; x_wconf 86' lang='lat' dir='ltr'>magicis</span> <span class='ocrx_word' id='word_1_100' title='bbox 1161 2103 1267 2159; x_wconf 88' lang='lat' dir='ltr'>tauros</span> <span class='ocrx_word' id='word_1_101' title='bbox 1299 2094 1414 2179; x_wconf 90' lang='lat' dir='ltr'>dornat,</span> <span class='ocrx_word' id='word_1_102' title='bbox 1439 2097 1527 2160; x_wconf 76' lang='lat' dir='ltr'>viros</span> 
     </span>
     <span class='ocr_line' id='line_1_15' title="bbox 348 2203 1527 2288; baseline 0.001 -23"><span class='ocrx_word' id='word_1_103' title='bbox 348 2203 522 2287; x_wconf 87' lang='lat' dir='ltr'>terrigenas</span> <span class='ocrx_word' id='word_1_104' title='bbox 546 2205 652 2286; x_wconf 80' lang='lat' dir='ltr'>vincit,</span> <span class='ocrx_word' id='word_1_105' title='bbox 677 2204 777 2266; x_wconf 88' lang='lat' dir='ltr'>vellus</span> <span class='ocrx_word' id='word_1_106' title='bbox 801 2223 932 2265; x_wconf 79' lang='lat' dir='ltr'>aurnum</span> <span class='ocrx_word' id='word_1_107' title='bbox 955 2205 1048 2288; x_wconf 84' lang='lat' dir='ltr'>rapit,</span> <span class='ocrx_word' id='word_1_108' title='bbox 1072 2223 1143 2265; x_wconf 90' lang='lat' dir='ltr'>curn</span> <span class='ocrx_word' id='word_1_109' title='bbox 1162 2203 1293 2287; x_wconf 87' lang='lat' dir='ltr'>coniuge</span> <span class='ocrx_word' id='word_1_110' title='bbox 1310 2203 1343 2266; x_wconf 88' lang='lat' dir='ltr'>in</span> <span class='ocrx_word' id='word_1_111' title='bbox 1358 2203 1527 2267; x_wconf 77' lang='lat' dir='ltr'>Graeciam</span> 
     </span>
     <span class='ocr_line' id='line_1_16' title="bbox 348 2309 764 2392; baseline 0 -19"><span class='ocrx_word' id='word_1_112' title='bbox 348 2311 480 2376; x_wconf 82' lang='lat' dir='ltr'>revertit</span> <span class='ocrx_word' id='word_1_113' title='bbox 503 2309 585 2390; x_wconf 86' lang='lat' dir='ltr'>(VH</span> <span class='ocrx_word' id='word_1_114' title='bbox 610 2310 764 2392; x_wconf 84' lang='lat'>9—158).</span> 
     </span>
    </p>

    <p class='ocr_par' dir='ltr' id='par_1_7' title="bbox 349 2416 1527 2825">
     <span class='ocr_line' id='line_1_17' title="bbox 456 2416 1525 2502; baseline 0.002 -22"><span class='ocrx_word' id='word_1_115' title='bbox 456 2418 547 2480; x_wconf 90' lang='lat' dir='ltr'>Haec</span> <span class='ocrx_word' id='word_1_116' title='bbox 569 2421 673 2481; x_wconf 90' lang='lat' dir='ltr'>emnia</span> <span class='ocrx_word' id='word_1_117' title='bbox 698 2416 737 2480; x_wconf 91' lang='lat' dir='ltr'>ab</span> <span class='ocrx_word' id='word_1_118' title='bbox 760 2417 958 2502; x_wconf 82' lang='lat' dir='ltr'>Apollodoro</span> <span class='ocrx_word' id='word_1_119' title='bbox 983 2418 1093 2481; x_wconf 85' lang='lat' dir='ltr'>eodem</span> <span class='ocrx_word' id='word_1_120' title='bbox 1123 2419 1189 2481; x_wconf 86' lang='lat' dir='ltr'>fere</span> <span class='ocrx_word' id='word_1_121' title='bbox 1214 2417 1307 2481; x_wconf 81' lang='lat' dir='ltr'>inodo</span> <span class='ocrx_word' id='word_1_122' title='bbox 1331 2416 1525 2482; x_wconf 84' lang='lat' dir='ltr'>referuntur.</span> 
     </span>
     <span class='ocr_line' id='line_1_18' title="bbox 349 2523 1526 2610; baseline -0.001 -21"><span class='ocrx_word' id='word_1_123' title='bbox 349 2526 461 2589; x_wconf 86' lang='lat' dir='ltr'>Restat</span> <span class='ocrx_word' id='word_1_124' title='bbox 484 2530 589 2589; x_wconf 89' lang='lat' dir='ltr'>tamen</span> <span class='ocrx_word' id='word_1_125' title='bbox 611 2531 647 2589; x_wconf 95' lang='lat' dir='ltr'>ut</span> <span class='ocrx_word' id='word_1_126' title='bbox 675 2546 872 2610; x_wconf 80' lang='lat' dir='ltr'>quaeramus,</span> <span class='ocrx_word' id='word_1_127' title='bbox 902 2547 977 2589; x_wconf 91' lang='lat' dir='ltr'>num</span> <span class='ocrx_word' id='word_1_128' title='bbox 1013 2525 1145 2590; x_wconf 78' lang='lat' dir='ltr'>Ovidius</span> <span class='ocrx_word' id='word_1_129' title='bbox 1169 2547 1210 2587; x_wconf 84' lang='lat' dir='ltr'>ox</span> <span class='ocrx_word' id='word_1_130' title='bbox 1233 2523 1396 2610; x_wconf 90' lang='lat' dir='ltr'>Apollonii</span> <span class='ocrx_word' id='word_1_131' title='bbox 1419 2524 1526 2610; x_wconf 90' lang='lat' dir='ltr'>Argo-</span> 
     </span>
     <span class='ocr_line' id='line_1_19' title="bbox 350 2631 1527 2718; baseline 0.001 -23"><span class='ocrx_word' id='word_1_132' title='bbox 350 2635 492 2715; x_wconf 74' lang='lat' dir='ltr'>nauticiS,</span> <span class='ocrx_word' id='word_1_133' title='bbox 518 2654 558 2695; x_wconf 83' lang='lat' dir='ltr'>ex</span> <span class='ocrx_word' id='word_1_134' title='bbox 589 2632 702 2717; x_wconf 85' lang='lat' dir='ltr'>quibus</span> <span class='ocrx_word' id='word_1_135' title='bbox 734 2653 814 2717; x_wconf 91' lang='lat' dir='ltr'>quae</span> <span class='ocrx_word' id='word_1_136' title='bbox 843 2631 1034 2695; x_wconf 85' lang='lat' dir='ltr'>bibliotheca</span> <span class='ocrx_word' id='word_1_137' title='bbox 1066 2632 1105 2695; x_wconf 91' lang='lat' dir='ltr'>dc</span> <span class='ocrx_word' id='word_1_138' title='bbox 1136 2633 1247 2694; x_wconf 85' lang='lat' dir='ltr'>iisdern</span> <span class='ocrx_word' id='word_1_139' title='bbox 1278 2631 1371 2695; x_wconf 88' lang='lat' dir='ltr'>rebus</span> <span class='ocrx_word' id='word_1_140' title='bbox 1402 2632 1527 2718; x_wconf 84' lang='lat' dir='ltr'>profert</span> 
     </span>
     <span class='ocr_line' id='line_1_20' title="bbox 350 2740 1524 2825; baseline 0.003 -24"><span class='ocrx_word' id='word_1_141' title='bbox 350 2742 478 2803; x_wconf 82' lang='lat' dir='ltr'>fluxisse</span> <span class='ocrx_word' id='word_1_142' title='bbox 502 2746 747 2803; x_wconf 86' lang='lat' dir='ltr'>consentaneum</span> <span class='ocrx_word' id='word_1_143' title='bbox 770 2747 826 2823; x_wconf 87' lang='lat' dir='ltr'>est,</span> <span class='ocrx_word' id='word_1_144' title='bbox 856 2740 1044 2803; x_wconf 81' lang='lat' dir='ltr'>narrationis</span> <span class='ocrx_word' id='word_1_145' title='bbox 1075 2741 1194 2825; x_wconf 88' lang='lat' dir='ltr'>aliquot</span> <span class='ocrx_word' id='word_1_146' title='bbox 1218 2740 1337 2802; x_wconf 92' lang='lat' dir='ltr'>lumina</span> <span class='ocrx_word' id='word_1_147' title='bbox 1363 2742 1524 2824; x_wconf 84' lang='lat' dir='ltr'>petiverit.</span> 
     </span>
    </p>

    <p class='ocr_par' dir='ltr' id='par_1_8' title="bbox 348 2847 1528 3999">
     <span class='ocr_line' id='line_1_21' title="bbox 455 2847 1526 2932; baseline 0 -22"><span class='ocrx_word' id='word_1_148' title='bbox 455 2847 617 2932; x_wconf 91' lang='lat' dir='ltr'>Apollonii</span> <span class='ocrx_word' id='word_1_149' title='bbox 641 2848 927 2931; x_wconf 86' lang='lat' dir='ltr'>Argonauticerurn</span> <span class='ocrx_word' id='word_1_150' title='bbox 952 2848 1140 2910; x_wconf 77' lang='lat' dir='ltr'>imitationes</span> <span class='ocrx_word' id='word_1_151' title='bbox 1164 2853 1292 2932; x_wconf 89' lang='lat' dir='ltr'>apertae</span> <span class='ocrx_word' id='word_1_152' title='bbox 1317 2848 1526 2911; x_wconf 82' lang='lat' dir='ltr'>inveniuntur</span> 
     </span>
     <span class='ocr_line' id='line_1_22' title="bbox 351 2939 1525 3040; baseline 0.001 -24"><span class='ocrx_word' id='word_1_153' title='bbox 351 2956 392 3017; x_wconf 83' lang='grc'>74</span> <span class='ocrx_word' id='word_1_154' title='bbox 413 2977 464 3037; x_wconf 84' lang='lat' dir='ltr'>ss,</span> <span class='ocrx_word' id='word_1_155' title='bbox 494 2954 549 3017; x_wconf 94' lang='lat' dir='ltr'>ubi</span> <span class='ocrx_word' id='word_1_156' title='bbox 572 2954 718 3017; x_wconf 78' lang='lat' dir='ltr'>Medeam</span> <span class='ocrx_word' id='word_1_157' title='bbox 742 2956 775 3016; x_wconf 92' lang='lat' dir='ltr'>in</span> <span class='ocrx_word' id='word_1_158' title='bbox 798 2954 939 3017; x_wconf 88' lang='lat' dir='ltr'>Hecatae</span> <span class='ocrx_word' id='word_1_159' title='bbox 964 2955 1081 3040; x_wconf 90' lang='lat' dir='ltr'>temple</span> <span class='ocrx_word' id='word_1_160' title='bbox 1105 2975 1174 3017; x_wconf 90' lang='lat' dir='ltr'>curn</span> <span class='ocrx_word' id='word_1_161' title='bbox 1201 2954 1314 3017; x_wconf 75' lang='lat' dir='ltr'>iasone</span> <span class='ocrx_word' id='word_1_162' title='bbox 1339 2939 1525 3017; x_wconf 82' lang='lat' dir='ltr'>collocatam</span> 
     </span>
     <span class='ocr_line' id='line_1_23' title="bbox 348 3058 1524 3145; baseline 0.002 -22"><span class='ocrx_word' id='word_1_163' title='bbox 348 3060 463 3124; x_wconf 87' lang='lat' dir='ltr'>herbas</span> <span class='ocrx_word' id='word_1_164' title='bbox 486 3061 623 3145; x_wconf 86' lang='lat' dir='ltr'>magicas</span> <span class='ocrx_word' id='word_1_165' title='bbox 649 3063 675 3123; x_wconf 93' lang='lat' dir='ltr'>ei</span> <span class='ocrx_word' id='word_1_166' title='bbox 701 3060 867 3124; x_wconf 86' lang='lat' dir='ltr'>tradidisse</span> <span class='ocrx_word' id='word_1_167' title='bbox 892 3060 1065 3124; x_wconf 87' lang='lat' dir='ltr'>secundum</span> <span class='ocrx_word' id='word_1_168' title='bbox 1087 3060 1249 3124; x_wconf 85' lang='lat' dir='ltr'>Rhodium</span> <span class='ocrx_word' id='word_1_169' title='bbox 1273 3058 1365 3145; x_wconf 86' lang='lat' dir='ltr'>(Arg.</span> <span class='ocrx_word' id='word_1_170' title='bbox 1384 3060 1438 3123; x_wconf 90' lang='grc' dir='ltr'>ΠΙ</span> <span class='ocrx_word' id='word_1_171' title='bbox 1458 3061 1524 3125; x_wconf 81' lang='lat'>802</span> 
     </span>
     <span class='ocr_line' id='line_1_24' title="bbox 350 3168 1524 3252; baseline 0.002 -25"><span class='ocrx_word' id='word_1_172' title='bbox 350 3170 404 3249; x_wconf 83' lang='lat' dir='ltr'>ss.)</span> <span class='ocrx_word' id='word_1_173' title='bbox 427 3177 583 3232; x_wconf 89' lang='lat' dir='ltr'>narratur.</span> <span class='ocrx_word' id='word_1_174' title='bbox 622 3169 748 3252; x_wconf 79' lang='lat' dir='ltr'>Pugnat</span> <span class='ocrx_word' id='word_1_175' title='bbox 772 3174 877 3231; x_wconf 85' lang='lat' dir='ltr'>autern</span> <span class='ocrx_word' id='word_1_176' title='bbox 901 3168 1033 3233; x_wconf 83' lang='lat' dir='ltr'>Ovidius</span> <span class='ocrx_word' id='word_1_177' title='bbox 1058 3170 1090 3229; x_wconf 92' lang='lat' dir='ltr'>in</span> <span class='ocrx_word' id='word_1_178' title='bbox 1114 3190 1150 3230; x_wconf 93' lang='lat' dir='ltr'>eo</span> <span class='ocrx_word' id='word_1_179' title='bbox 1174 3173 1282 3230; x_wconf 90' lang='lat' dir='ltr'>contra</span> <span class='ocrx_word' id='word_1_180' title='bbox 1306 3168 1524 3251; x_wconf 88' lang='lat' dir='ltr'>Apollonium,</span> 
     </span>
     <span class='ocr_line' id='line_1_25' title="bbox 351 3274 1525 3360; baseline 0.001 -24"><span class='ocrx_word' id='word_1_181' title='bbox 351 3274 434 3360; x_wconf 91' lang='lat' dir='ltr'>quod</span> <span class='ocrx_word' id='word_1_182' title='bbox 470 3274 616 3338; x_wconf 82' lang='lat' dir='ltr'>Medeam</span> <span class='ocrx_word' id='word_1_183' title='bbox 654 3275 815 3338; x_wconf 85' lang='lat' dir='ltr'>fortuito</span> <span class='ocrx_word' id='word_1_184' title='bbox 854 3276 1000 3338; x_wconf 87' lang='lat' dir='ltr'>Iasonem</span> <span class='ocrx_word' id='word_1_185' title='bbox 1040 3274 1155 3338; x_wconf 83' lang='lat' dir='ltr'>vidisse</span> <span class='ocrx_word' id='word_1_186' title='bbox 1195 3274 1283 3356; x_wconf 64' lang='lat' dir='ltr'>dicit,</span> <span class='ocrx_word' id='word_1_187' title='bbox 1323 3276 1449 3356; x_wconf 86' lang='lat' dir='ltr'>etenim,</span> <span class='ocrx_word' id='word_1_188' title='bbox 1490 3282 1525 3337; x_wconf 89' lang='lat' dir='ltr'>ut</span> 
     </span>
     <span class='ocr_line' id='line_1_26' title="bbox 349 3381 1524 3467; baseline -0.001 -23"><span class='ocrx_word' id='word_1_189' title='bbox 349 3383 482 3445; x_wconf 90' lang='lat' dir='ltr'>amantis</span> <span class='ocrx_word' id='word_1_190' title='bbox 515 3382 610 3444; x_wconf 89' lang='lat' dir='ltr'>animi</span> <span class='ocrx_word' id='word_1_191' title='bbox 644 3382 875 3444; x_wconf 84' lang='lat' dir='ltr'>fluctuationem</span> <span class='ocrx_word' id='word_1_192' title='bbox 910 3381 1104 3467; x_wconf 80' lang='lat' dir='ltr'>depingeret,</span> <span class='ocrx_word' id='word_1_193' title='bbox 1142 3383 1243 3466; x_wconf 90' lang='lat' dir='ltr'>primo</span> <span class='ocrx_word' id='word_1_194' title='bbox 1278 3402 1348 3443; x_wconf 92' lang='lat' dir='ltr'>eam</span> <span class='ocrx_word' id='word_1_195' title='bbox 1384 3401 1524 3443; x_wconf 90' lang='lat' dir='ltr'>amorem</span> 
     </span>
     <span class='ocr_line' id='line_1_27' title="bbox 349 3487 1524 3573; baseline 0 -21"><span class='ocrx_word' id='word_1_196' title='bbox 349 3490 522 3552; x_wconf 89' lang='lat' dir='ltr'>coercuisse</span> <span class='ocrx_word' id='word_1_197' title='bbox 537 3489 580 3570; x_wconf 85' lang='lat' dir='ltr'>(v.</span> <span class='ocrx_word' id='word_1_198' title='bbox 598 3490 639 3551; x_wconf 78' lang='lat'>72</span> <span class='ocrx_word' id='word_1_199' title='bbox 655 3489 704 3571; x_wconf 80' lang='lat' dir='ltr'>s),</span> <span class='ocrx_word' id='word_1_200' title='bbox 730 3493 794 3550; x_wconf 87' lang='lat' dir='ltr'>turn</span> <span class='ocrx_word' id='word_1_201' title='bbox 819 3489 921 3551; x_wconf 88' lang='lat' dir='ltr'>subito</span> <span class='ocrx_word' id='word_1_202' title='bbox 940 3490 1098 3551; x_wconf 79' lang='lat' dir='ltr'>flammam</span> <span class='ocrx_word' id='word_1_203' title='bbox 1121 3510 1231 3551; x_wconf 88' lang='lat' dir='ltr'>rursus</span> <span class='ocrx_word' id='word_1_204' title='bbox 1248 3490 1403 3550; x_wconf 82' lang='lat' dir='ltr'>exarsisse</span> <span class='ocrx_word' id='word_1_205' title='bbox 1421 3487 1524 3573; x_wconf 87' lang='lat' dir='ltr'>fingit,</span> 
     </span>
     <span class='ocr_line' id='line_1_28' title="bbox 349 3594 1526 3677; baseline 0.001 -19"><span class='ocrx_word' id='word_1_206' title='bbox 349 3617 419 3658; x_wconf 90' lang='lat' dir='ltr'>cum</span> <span class='ocrx_word' id='word_1_207' title='bbox 439 3596 545 3659; x_wconf 89' lang='lat' dir='ltr'>Iasoni</span> <span class='ocrx_word' id='word_1_208' title='bbox 569 3596 624 3657; x_wconf 89' lang='lat' dir='ltr'>illa</span> <span class='ocrx_word' id='word_1_209' title='bbox 648 3617 721 3658; x_wconf 86' lang='lat' dir='ltr'>casu</span> <span class='ocrx_word' id='word_1_210' title='bbox 745 3595 871 3659; x_wconf 89' lang='lat' dir='ltr'>obviam</span> <span class='ocrx_word' id='word_1_211' title='bbox 895 3596 979 3659; x_wconf 87' lang='lat' dir='ltr'>facta</span> <span class='ocrx_word' id='word_1_212' title='bbox 1003 3603 1084 3659; x_wconf 90' lang='lat' dir='ltr'>esset</span> <span class='ocrx_word' id='word_1_213' title='bbox 1106 3595 1162 3675; x_wconf 82' lang='grc'>(76</span> <span class='ocrx_word' id='word_1_214' title='bbox 1179 3596 1227 3677; x_wconf 84' lang='lat' dir='ltr'>s).</span> <span class='ocrx_word' id='word_1_215' title='bbox 1265 3594 1453 3657; x_wconf 85' lang='lat' dir='ltr'>Manifestus</span> <span class='ocrx_word' id='word_1_216' title='bbox 1478 3603 1526 3659; x_wconf 88' lang='lat' dir='ltr'>est</span> 
     </span>
     <span class='ocr_line' id='line_1_29' title="bbox 350 3701 1527 3788; baseline -0.001 -23"><span class='ocrx_word' id='word_1_217' title='bbox 350 3703 482 3767; x_wconf 80' lang='lat' dir='ltr'>Ovidius</span> <span class='ocrx_word' id='word_1_218' title='bbox 505 3704 684 3788; x_wconf 81' lang='lat' dir='ltr'>exemplum</span> <span class='ocrx_word' id='word_1_219' title='bbox 711 3724 802 3765; x_wconf 91' lang='lat' dir='ltr'>suurn</span> <span class='ocrx_word' id='word_1_220' title='bbox 826 3705 961 3765; x_wconf 73' lang='lat' dir='ltr'>varians.</span> <span class='ocrx_word' id='word_1_221' title='bbox 988 3703 1070 3765; x_wconf 76' lang='lat' dir='ltr'>Mam</span> <span class='ocrx_word' id='word_1_222' title='bbox 1094 3724 1204 3766; x_wconf 84' lang='lat' dir='ltr'>revera</span> <span class='ocrx_word' id='word_1_223' title='bbox 1220 3724 1292 3764; x_wconf 91' lang='lat' dir='ltr'>eum</span> <span class='ocrx_word' id='word_1_224' title='bbox 1307 3701 1346 3764; x_wconf 88' lang='lat' dir='ltr'>ad</span> <span class='ocrx_word' id='word_1_225' title='bbox 1360 3702 1527 3785; x_wconf 87' lang='lat' dir='ltr'>Apollonii</span> 
     </span>
     <span class='ocr_line' id='line_1_30' title="bbox 351 3807 1528 3895; baseline 0 -22"><span class='ocrx_word' id='word_1_226' title='bbox 351 3812 562 3873; x_wconf 87' lang='lat' dir='ltr'>narrationem</span> <span class='ocrx_word' id='word_1_227' title='bbox 586 3812 740 3895; x_wconf 88' lang='lat' dir='ltr'>respicere</span> <span class='ocrx_word' id='word_1_228' title='bbox 757 3830 799 3873; x_wconf 80' lang='lat' dir='ltr'>ex</span> <span class='ocrx_word' id='word_1_229' title='bbox 814 3833 844 3873; x_wconf 88' lang='lat' dir='ltr'>v.</span> <span class='ocrx_word' id='word_1_230' title='bbox 861 3811 902 3873; x_wconf 86' lang='grc'>98</span> <span class='ocrx_word' id='word_1_231' title='bbox 920 3833 943 3871; x_wconf 90' lang='lat' dir='ltr'>s.</span> <span class='ocrx_word' id='word_1_232' title='bbox 960 3809 1064 3894; x_wconf 89' lang='lat' dir='ltr'>colligi</span> <span class='ocrx_word' id='word_1_233' title='bbox 1081 3816 1193 3894; x_wconf 91' lang='lat' dir='ltr'>potest,</span> <span class='ocrx_word' id='word_1_234' title='bbox 1217 3807 1270 3871; x_wconf 92' lang='lat' dir='ltr'>ubi</span> <span class='ocrx_word' id='word_1_235' title='bbox 1288 3807 1411 3891; x_wconf 87' lang='lat' dir='ltr'>Medea,</span> <span class='ocrx_word' id='word_1_236' title='bbox 1436 3810 1528 3873; x_wconf 82' lang='lat' dir='ltr'>velut</span> 
     </span>
     <span class='ocr_line' id='line_1_31' title="bbox 349 3916 1173 3999; baseline -0.004 -18"><span class='ocrx_word' id='word_1_237' title='bbox 349 3917 389 3981; x_wconf 90' lang='lat' dir='ltr'>ad</span> <span class='ocrx_word' id='word_1_238' title='bbox 413 3919 614 3981; x_wconf 90' lang='lat' dir='ltr'>constitutum</span> <span class='ocrx_word' id='word_1_239' title='bbox 639 3919 769 3999; x_wconf 89' lang='lat' dir='ltr'>venerit,</span> <span class='ocrx_word' id='word_1_240' title='bbox 794 3937 917 3981; x_wconf 82' lang='lat' dir='ltr'>venena</span> <span class='ocrx_word' id='word_1_241' title='bbox 941 3938 1046 3980; x_wconf 90' lang='lat' dir='ltr'>secum</span> <span class='ocrx_word' id='word_1_242' title='bbox 1069 3916 1173 3979; x_wconf 91' lang='lat' dir='ltr'>habet.</span> 
     </span>
    </p>

    <p class='ocr_par' dir='ltr' id='par_1_9' title="bbox 349 4022 1529 4323">
     <span class='ocr_line' id='line_1_32' title="bbox 456 4022 1527 4109; baseline -0.001 -22"><span class='ocrx_word' id='word_1_243' title='bbox 456 4024 561 4109; x_wconf 89' lang='lat' dir='ltr'>Ipsius</span> <span class='ocrx_word' id='word_1_244' title='bbox 577 4024 682 4088; x_wconf 86' lang='lat' dir='ltr'>Ovidii</span> <span class='ocrx_word' id='word_1_245' title='bbox 707 4032 779 4086; x_wconf 91' lang='lat' dir='ltr'>sunt</span> <span class='ocrx_word' id='word_1_246' title='bbox 793 4023 926 4087; x_wconf 89' lang='lat' dir='ltr'>Medeae</span> <span class='ocrx_word' id='word_1_247' title='bbox 950 4025 1045 4086; x_wconf 89' lang='lat' dir='ltr'>animi</span> <span class='ocrx_word' id='word_1_248' title='bbox 1070 4024 1333 4108; x_wconf 87' lang='lat' dir='ltr'>perturbationes,</span> <span class='ocrx_word' id='word_1_249' title='bbox 1354 4022 1527 4106; x_wconf 89' lang='lat' dir='ltr'>dequibus</span> 
     </span>
     <span class='ocr_line' id='line_1_33' title="bbox 349 4129 1528 4217; baseline 0.001 -24"><span class='ocrx_word' id='word_1_250' title='bbox 349 4130 435 4217; x_wconf 90' lang='lat' dir='ltr'>apud</span> <span class='ocrx_word' id='word_1_251' title='bbox 450 4130 656 4216; x_wconf 91' lang='lat' dir='ltr'>Apollonium</span> <span class='ocrx_word' id='word_1_252' title='bbox 672 4131 759 4194; x_wconf 90' lang='lat' dir='ltr'>nihil.</span> <span class='ocrx_word' id='word_1_253' title='bbox 783 4131 1001 4215; x_wconf 81' lang='lat' dir='ltr'>Epistularum</span> <span class='ocrx_word' id='word_1_254' title='bbox 1017 4152 1091 4194; x_wconf 89' lang='lat' dir='ltr'>vero</span> <span class='ocrx_word' id='word_1_255' title='bbox 1109 4138 1139 4193; x_wconf 91' lang='lat' dir='ltr'>et</span> <span class='ocrx_word' id='word_1_256' title='bbox 1153 4129 1376 4193; x_wconf 86' lang='lat' dir='ltr'>celeberrimae</span> <span class='ocrx_word' id='word_1_257' title='bbox 1390 4129 1528 4194; x_wconf 85' lang='lat' dir='ltr'>Medeae</span> 
     </span>
     <span class='ocr_line' id='line_1_34' title="bbox 350 4236 1529 4323; baseline -0.001 -21"><span class='ocrx_word' id='word_1_258' title='bbox 350 4236 529 4323; x_wconf 86' lang='lat' dir='ltr'>tragoediae</span> <span class='ocrx_word' id='word_1_259' title='bbox 553 4245 712 4301; x_wconf 88' lang='lat' dir='ltr'>auctorem</span> <span class='ocrx_word' id='word_1_260' title='bbox 735 4240 830 4300; x_wconf 88' lang='lat' dir='ltr'>etiarn</span> <span class='ocrx_word' id='word_1_261' title='bbox 850 4239 880 4299; x_wconf 91' lang='lat' dir='ltr'>in</span> <span class='ocrx_word' id='word_1_262' title='bbox 895 4237 1200 4322; x_wconf 85' lang='lat' dir='ltr'>Metamorplrosibus</span> <span class='ocrx_word' id='word_1_263' title='bbox 1225 4238 1326 4299; x_wconf 87' lang='lat' dir='ltr'>solere</span> <span class='ocrx_word' id='word_1_264' title='bbox 1351 4238 1529 4301; x_wconf 89' lang='lat' dir='ltr'>amantium</span> 
     </span>
    </p>
   </div>
   <div class='ocr_carea' id='block_1_3' title="bbox 350 4342 1529 4431">
    <p class='ocr_par' dir='ltr' id='par_1_10' title="bbox 350 4342 1529 4431">
     <span class='ocr_line' id='line_1_35' title="bbox 350 4342 1529 4431; baseline 0 -24"><span class='ocrx_word' id='word_1_265' title='bbox 350 4367 420 4431; x_wconf 89' lang='lat' dir='ltr'>spes</span> <span class='ocrx_word' id='word_1_266' title='bbox 444 4352 475 4407; x_wconf 91' lang='lat' dir='ltr'>et</span> <span class='ocrx_word' id='word_1_267' title='bbox 498 4365 588 4407; x_wconf 87' lang='lat' dir='ltr'>curas</span> <span class='ocrx_word' id='word_1_268' title='bbox 613 4344 783 4430; x_wconf 83' lang='lat' dir='ltr'>depingere</span> <span class='ocrx_word' id='word_1_269' title='bbox 811 4365 1025 4429; x_wconf 89' lang='lat' dir='ltr'>personasque</span> <span class='ocrx_word' id='word_1_270' title='bbox 1054 4366 1157 4407; x_wconf 86' lang='lat' dir='ltr'>secum</span> <span class='ocrx_word' id='word_1_271' title='bbox 1189 4345 1352 4427; x_wconf 83' lang='lat' dir='ltr'>loquentes</span> <span class='ocrx_word' id='word_1_272' title='bbox 1376 4342 1529 4408; x_wconf 90' lang='lat' dir='ltr'>inducere</span> 
     </span>
    </p>
   </div>
   <div class='ocr_carea' id='block_1_4' title="bbox 349 4449 1529 4755">
    <p class='ocr_par' dir='ltr' id='par_1_11' title="bbox 349 4449 1529 4755">
     <span class='ocr_line' id='line_1_36' title="bbox 349 4449 1529 4537; baseline -0.002 -21"><span class='ocrx_word' id='word_1_273' title='bbox 349 4453 497 4537; x_wconf 83' lang='lat' dir='ltr'>exempla</span> <span class='ocrx_word' id='word_1_274' title='bbox 527 4450 639 4515; x_wconf 89' lang='lat' dir='ltr'>docent</span> <span class='ocrx_word' id='word_1_275' title='bbox 662 4450 787 4536; x_wconf 81' lang='lat' dir='ltr'>Scyllae</span> <span class='ocrx_word' id='word_1_276' title='bbox 811 4450 913 4532; x_wconf 83' lang='lat' dir='ltr'>(Vffl</span> <span class='ocrx_word' id='word_1_277' title='bbox 937 4452 980 4514; x_wconf 87' lang='grc'>44</span> <span class='ocrx_word' id='word_1_278' title='bbox 1005 4454 1069 4535; x_wconf 83' lang='lat' dir='ltr'>ss),</span> <span class='ocrx_word' id='word_1_279' title='bbox 1109 4449 1255 4536; x_wconf 87' lang='lat' dir='ltr'>Byblidis</span> <span class='ocrx_word' id='word_1_280' title='bbox 1279 4450 1345 4531; x_wconf 88' lang='lat' dir='ltr'>(IX</span> <span class='ocrx_word' id='word_1_281' title='bbox 1368 4450 1433 4511; x_wconf 82' lang='grc'>474</span> <span class='ocrx_word' id='word_1_282' title='bbox 1458 4454 1529 4535; x_wconf 82' lang='lat' dir='ltr'>ss),</span> 
     </span>
     <span class='ocr_line' id='line_1_37' title="bbox 349 4555 1528 4644; baseline 0.003 -22"><span class='ocrx_word' id='word_1_283' title='bbox 349 4559 473 4644; x_wconf 86' lang='lat' dir='ltr'>Iphidis</span> <span class='ocrx_word' id='word_1_284' title='bbox 487 4557 553 4638; x_wconf 83' lang='lat' dir='ltr'>(IX</span> <span class='ocrx_word' id='word_1_285' title='bbox 568 4560 631 4621; x_wconf 77' lang='lat'>726</span> <span class='ocrx_word' id='word_1_286' title='bbox 650 4559 714 4640; x_wconf 83' lang='lat' dir='ltr'>ss),</span> <span class='ocrx_word' id='word_1_287' title='bbox 739 4555 889 4643; x_wconf 83' lang='lat' dir='ltr'>Myrrhae</span> <span class='ocrx_word' id='word_1_288' title='bbox 904 4558 951 4638; x_wconf 80' lang='lat' dir='ltr'>(X</span> <span class='ocrx_word' id='word_1_289' title='bbox 966 4559 1029 4621; x_wconf 78' lang='lat'>320</span> <span class='ocrx_word' id='word_1_290' title='bbox 1045 4560 1110 4640; x_wconf 83' lang='lat' dir='ltr'>ss),</span> <span class='ocrx_word' id='word_1_291' title='bbox 1134 4557 1304 4621; x_wconf 80' lang='lat' dir='ltr'>Atalantae</span> <span class='ocrx_word' id='word_1_292' title='bbox 1320 4556 1366 4637; x_wconf 80' lang='lat' dir='ltr'>(X</span> <span class='ocrx_word' id='word_1_293' title='bbox 1379 4556 1444 4620; x_wconf 87' lang='grc'>600</span> <span class='ocrx_word' id='word_1_294' title='bbox 1458 4561 1528 4642; x_wconf 79' lang='lat' dir='ltr'>sa).</span> 
     </span>
     <span class='ocr_line' id='line_1_38' title="bbox 457 4664 1529 4755; baseline 0.003 -28"><span class='ocrx_word' id='word_1_295' title='bbox 457 4665 579 4735; x_wconf 77' lang='lat' dir='ltr'>Similia</span> <span class='ocrx_word' id='word_1_296' title='bbox 609 4672 715 4733; x_wconf 83' lang='lat' dir='ltr'>autern</span> <span class='ocrx_word' id='word_1_297' title='bbox 746 4667 826 4727; x_wconf 88' lang='lat' dir='ltr'>inter</span> <span class='ocrx_word' id='word_1_298' title='bbox 853 4666 1059 4755; x_wconf 86' lang='lat' dir='ltr'>Apollonium</span> <span class='ocrx_word' id='word_1_299' title='bbox 1089 4674 1120 4727; x_wconf 89' lang='lat' dir='ltr'>et</span> <span class='ocrx_word' id='word_1_300' title='bbox 1149 4664 1298 4728; x_wconf 78' lang='lat' dir='ltr'>Ovidium</span> <span class='ocrx_word' id='word_1_301' title='bbox 1330 4664 1407 4730; x_wconf 88' lang='lat' dir='ltr'>haec</span> <span class='ocrx_word' id='word_1_302' title='bbox 1439 4673 1529 4754; x_wconf 87' lang='lat' dir='ltr'>sunt,</span> 
     </span>
    </p>
   </div>
   <div class='ocr_carea' id='block_1_5' title="bbox 0 0 1880 5592">
    <p class='ocr_par' dir='ltr' id='par_1_12' title="bbox 0 0 1880 5592">
     <span class='ocr_line' id='line_1_39' title="bbox 0 0 1880 5592; baseline 0 0"><span class='ocrx_word' id='word_1_303' title='bbox 0 0 1880 5592; x_wconf 95' lang='lat' dir='ltr'> </span> 
     </span>
    </p>
   </div>
  </div>
 </body>
</html>
