3750 5592
835 580 1056 644 „qq-

358 777 617 855 onmarais'rsrae
654 801 693 841 se.
730 778 747 838 d
793 776 926 865 θησεύτ)
971 780 1003 842 in
1036 778 1161 842 (hetam
1205 780 1335 842 missum
1369 776 1532 843 Ariadnae

357 886 476 948 auxilio
501 908 541 948 ex
567 885 744 971 labyrintho
768 888 905 949 evasisse
929 887 1007 967 (ria
1024 909 1063 968 s.;
1087 885 1272 972 Apdcpl
1298 889 1345 969 9);
1370 886 1533 971 inquibus

356 992 437 1055 bene
471 1002 564 1077 poeta
598 995 741 1079 congruit
776 1014 844 1055 cnm
881 984 1127 1078 mythograplro,
1157 995 1215 1057 nisi
1250 994 1333 1078 quod
1367 996 1472 1057 omnia
1501 996 1533 1056 in

356 1120 470 1182 paucos
496 1121 602 1162 versus
626 1101 736 1183 coegit.
766 1100 866 1162 Distat
890 1107 995 1162 autem
1019 1098 1059 1162 ab
1074 1100 1278 1185 Apollodor0,
1304 1099 1386 1186 quod
1412 1098 1529 1164 Ariad-

355 1227 428 1268 nam
452 1228 471 1268 a
494 1206 615 1269 'lhcseo
639 1206 758 1291 pcrtido
784 1209 816 1268 in
841 1206 934 1270 Naxo
959 1207 1060 1269 insula
1084 1207 1240 1271 desertam
1264 1229 1332 1271 esse
1356 1216 1464 1271 narrat
1488 1214 1529 1288 et,

355 1322 388 1375 ut
424 1313 699 1397 metamorphosim
736 1313 857 1395 afferat,
894 1313 1045 1377 nonnulla
1086 1314 1124 1377 dc
1162 1314 1324 1377 Ariadnae
1357 1334 1473 1377 corona
1511 1336 1531 1377 a

359 1420 477 1483 liaccho
495 1422 576 1482 inter
589 1428 674 1483 astra
688 1421 787 1483 relata
801 1419 897 1483 addit.
923 1422 1041 1484 Contra
1055 1420 1269 1505 Apollodorus
1286 1422 1348 1506 (cp.
1366 1421 1382 1484 I
1401 1422 1434 1503 9)
1459 1443 1532 1485 cam

354 1528 511 1590 allaccho
535 1548 640 1589 amore
655 1527 778 1591 incenso
802 1541 947 1611 raptam
971 1549 1039 1590 esse
1054 1527 1139 1610 dicit,
1165 1527 1248 1612 quod
1271 1528 1437 1613 legabatur
1453 1530 1530 1592 olim

356 1636 386 1696 in
402 1632 646 1720 compendio,¹⁷)
670 1655 771 1719 neque
796 1634 834 1696 de
858 1633 1097 1721 καταστερισμῷ
1122 1635 1294 1719 quidquam
1312 1635 1443 1721 profert.
1470 1636 1529 1698 Ni-

354 1743 468 1803 mirum
482 1741 614 1805 tiridius
629 1762 696 1804 eam
713 1741 840 1804 fabulae
857 1742 991 1804 formam
1004 1751 1127 1806 secutus
1142 1749 1198 1825 est,
1216 1764 1295 1827 quac
1314 1751 1379 1805 tum
1394 1743 1527 1826 Romae,

352 1856 423 1932 post
447 1848 562 1912 Catulli
587 1869 712 1911 carmen
737 1849 778 1909 64
803 1850 835 1910 in
859 1848 960 1911 lucem
983 1850 1149 1933 prolatum,
1169 1851 1199 1912 in
1213 1852 1353 1912 omnium
1377 1870 1431 1912 ore
1457 1871 1528 1913 ver·

355 1956 481 2018 saliatur
506 1977 662 2039 quamquo
686 1956 752 2039 ipse
776 1956 988 2039 eorrrpluribus
1006 1957 1079 2018 locis
1104 1962 1287 2020 narraverat
1311 1956 1355 2036 (r.
1372 1957 1528 2041 imprimis

353 2062 392 2125 Α.
419 2085 445 2125 a.
479 2064 495 2125 l
526 2064 710 2136 aaa-564,
739 2073 903 2145 praeterea
931 2063 971 2125 cf.
997 2063 1067 2125 fast.
1094 2067 1124 2144 3,
1157 2063 1217 2125 161
1246 2071 1276 2125 ct
1301 2064 1378 2127 Her.
1404 2064 1446 2142 X,
1471 2063 1528 2127 ubi

353 2170 513 2232 Ariadnae
538 2170 678 2233 desertae
703 2177 831 2253 questus
855 2173 980 2255 copiose
1005 2169 1247 2250 describuntur).

461 2278 499 2339 lu
527 2278 677 2360 proximis
711 2298 784 2339 roro
815 2277 983 2360 singularis
1015 2278 1148 2339 occurrit
1178 2297 1349 2341 consensus
1380 2276 1531 2341 Ovidium

355 2385 434 2447 inter
458 2393 489 2445 et
512 2383 751 2468 Apollodorum.
791 2383 934 2467 Uterque
959 2384 1042 2445 enim
1068 2385 1230 2468 coniungit
1253 2383 1397 2467 Daedali,
1407 2382 1445 2465 18)
1473 2384 1530 2468 qui

352 2491 537 2575 genealogia
563 2511 633 2552 cum
660 2490 901 2553 Atheniensium
941 2489 1070 2574 regibus
1109 2489 1255 2553 cohaeret
1282 2492 1324 2571 (r.
1355 2489 1438 2575 Apd.
1471 2490 1529 2553 III

353 2595 490 2680 214),¹⁹)
514 2609 544 2661 et
568 2598 647 2659 icari
675 2596 864 2678 fabulamil)
888 2618 959 2659 cum
983 2598 1019 2658 iis
1047 2618 1127 2681 quae
1151 2597 1343 2682 praecedunt
1359 2598 1397 2660 dc
1412 2596 1530 2661 Thesei

354 2706 384 2765 in
400 2707 526 2767 Cretam
541 2705 624 2767 lacta
639 2703 848 2788 expeditione.
876 2702 939 2766 Sed
956 2705 1058 2788 Aegei
1074 2714 1206 2767 mortem
1221 2703 1318 2788 (Apd.
1335 2724 1382 2788 ep.
1399 2703 1416 2766 I
1433 2704 1473 2765 16
1490 2705 1529 2787 s.)

352 2812 484 2875 lividius
507 2814 667 2896 praeterit,
692 2813 772 2873 sieut
796 2832 889 2895 saepe
910 2812 1069 2873 notissima
1088 2811 1226 2875 breviter
1243 2812 1343 2895 tangit
1360 2811 1410 2874 vel
1433 2811 1529 2896 piane

351 2922 472 2983 omittit.
497 2920 602 3003 Atque.
626 2921 739 2981 mirum
764 2930 916 3002 quantum
933 2919 1067 2982 Ovidius
1092 2920 1123 2981 in
1139 2918 1271 2981 Daedali
1299 2918 1408 2981 fabula
1432 2940 1525 2982 exco-

353 3026 443 3088 lenda
473 3047 543 3088 cum
570 3025 763 3111 Apollodoro
796 3026 943 3088 concinit:
978 3026 1089 3090 eadem
1117 3026 1215 3111 patris
1244 3026 1330 3089 anxii
1359 3035 1528 3111 praecepta

351 3132 517 3216 utrobique
547 3133 653 3214 habes,
685 3132 856 3217 eodemque
887 3134 986 3195 modo¹
1011 3132 1197 3196 describitur
1231 3134 1312 3195 Icari
1348 3132 1528 3196 miserabile

352 3239 449 3301 fatum
468 3238 557 3318 (bibl.
574 3239 633 3323 Ep.
649 3240 722 3303 l'at.
740 3240 768 3320 1,
788 3242 825 3301 12
842 3264 880 3320 s3
906 3248 978 3303 met.
999 3241 1081 3303 l'lll
1107 3242 1171 3303 203
1187 3264 1238 3323 ss,
1264 3242 1327 3303 223
1344 3240 1407 3321 ss).
1435 3240 1529 3313 Quod

352 3361 455 3409 autem
479 3346 611 3409 lividius
636 3348 699 3409 234
724 3370 747 3409 s.
774 3346 871 3428 addit,
900 3346 1075 3410 Daedalum
1090 3348 1170 3410 icari
1197 3367 1308 3433 corpus
1334 3348 1526 3431 sepelivisse,

350 3452 433 3537 apud
462 3452 692 3537 Apollodorum
722 3474 783 3515 non
814 3454 937 3536 legitur,
967 3454 1021 3516 aed
1050 3454 1206 3517 llereules
1238 3454 1279 3516 ibi
1310 3454 1368 3516 hoc
1395 3474 1527 3517 munere

459 3594 490 3664 17)
510 3596 541 3647 Ε.
556 3595 648 3659 Bethe,
669 3597 785 3660 Quaestt.
808 3594 884 3646 Diod.
904 3612 929 3661 p.
951 3601 983 3645 oa
1006 3602 1031 3647 et
1050 3603 1139 3647 ahirot.

458 3684 489 3752 18)
510 3685 537 3735 ii
541 3686 607 3737 ineis
622 3686 647 3736 in
661 3683 807 3736 Daedalum
822 3687 875 3735 irae
889 3683 1008 3736 diversae
1021 3701 1037 3736 a
1050 3685 1248 3753 mythegraphis
1263 3686 1409 3737 atieruntur
1422 3701 1526 3751 causae,

349 3777 439 3839 altera,
460 3773 530 3839 quod
550 3773 683 3825 Daedalus
703 3774 849 3840 Pasiphaae
869 3788 974 3825 terream
999 3777 1175 3827 construxerit
1200 3773 1290 3842 (Diod.
1311 3777 1336 3838 t,
1357 3777 1397 3825 77.
1425 3774 1526 3827 Zenob.

350 3864 386 3914 ll'
400 3867 442 3915 aa.
457 3864 524 3932 Hyg.
539 3863 556 3913 l'.
570 3868 616 3928 to3
632 3862 719 3914 hehel.
735 3863 810 3914 Hom.
828 3866 850 3912 Η
866 3867 934 3926 itai),
950 3864 1040 3927 altera,
1054 3863 1125 3930 quod
1139 3864 1234 3915 Thesei
1250 3869 1275 3915 et
1289 3862 1422 3915 Ariadnae
1437 3861 1526 3930 lugam

349 3951 514 4019 expediverit
533 3951 613 4018 t'Apd.
627 3952 689 4003 hibi.
709 3968 748 4018 ep.
767 3957 787 4017 1,
809 3957 853 4017 12,
874 3952 907 4003 ct'.
923 3951 1013 4004 Schol.
1028 3953 1104 4004 Horu.
1120 3956 1143 4001 Σ
1161 3956 1232 4019 aab).
1254 3952 1398 4018 l'tramque
1420 3951 1526 4005 tabulae

349 4043 458 4094 tonnam
479 4044 503 4092 in
524 4040 699 4093 bibliothecae
716 4040 786 4093 fonte
805 4043 935 4093 exstitisse
956 4041 987 4092 Ε,
1005 4041 1085 4093 licthe
1106 4040 1220 4095 ostendit
1239 4041 1256 4091 l.
1270 4041 1285 4091 l.
1300 4057 1325 4107 p.
1341 4042 1383 4092 64.
1413 4039 1527 4094 Ovidius

350 4130 420 4181 illam
440 4131 617 4182 narrationem
636 4137 741 4182 secutus
756 4138 802 4195 est,
822 4146 888 4194 qum
909 4129 1022 4182 Daedali
1041 4129 1157 4183 fabulam
1177 4146 1236 4182 cum
1249 4130 1347 4181 Thesei
1366 4128 1443 4181 relius
1463 4144 1527 4181 con-

350 4221 441 4283 iunxit,
462 4220 572 4284 etiamsi,
592 4235 638 4270 cm·
659 4220 745 4271 hlinos
765 4218 884 4270 Daedalo
904 4222 1091 4286 succensuerit,
1112 4236 1162 4273 non
1183 4218 1255 4270 dicit.

458 4310 488 4377 11)
510 4310 548 4361 De
570 4308 680 4361 Daedali
701 4311 781 4376 stirpe
801 4326 824 4360 ν.
838 4309 971 4375 'l'oeptt'er,
991 4316 1036 4361 att.
1051 4310 1158 4363 Geneal.
1173 4327 1197 4375 p.
1215 4311 1265 4361 165
1280 4324 1313 4361 ss

455 4398 488 4466 90)
508 4398 670 4451 (hillimacho
691 4396 812 4450 Ovidium
833 4414 907 4449 usum
928 4415 984 4451 esse
1005 4398 1195 4452 contenderunt
1216 4398 1317 4450 Plaehn
1332 4398 1360 4459 (l.
1376 4398 1391 4448 l.
1404 4415 1428 4464 p.
1446 4400 1478 4451 19
1492 4400 1526 4465 s.)

349 4496 375 4540 ct
389 4488 504 4556 ll'agucr
517 4488 614 4555 (Curae
628 4487 756 4555 mythogr.
771 4505 795 4554 p.
812 4489 873 4551 132)
887 4487 980 4539 scholii
998 4488 1072 4540 iloni.
1090 4491 1191 4557 32¹4&
1208 4491 1317 4555 ,ἱστορεῖ
1339 4488 1532 4552 Φιλοστέφανος

348 4584 386 4628 καὶ
405 4581 576 4640 Καλλιζιιαχοῖ
591 4578 616 4627 ἐν
638 4577 752 4627 Αἰτίοιῦ
774 4577 966 4643 subscriptione
992 4578 1048 4630 nisi.
1076 4578 1118 4628 cui
1145 4579 1243 4629 nullam
1270 4575 1347 4629 fidem
1374 4575 1526 4629 habendam

348 4682 404 4723 csse
423 4665 455 4719 Ε.
469 4666 601 4720 Schwartz
615 4664 802 4719 demonstrarit
816 4668 841 4717 iu
857 4667 985 4717 l'iecheis.
999 4668 1095 4718 Anhal.
1112 4669 1186 4733 1881,
1202 4667 1292 4736 Suppl.
1309 4665 1369 4732 XII,
1382 4682 1408 4735 p.
1423 4667 1476 4718 405
1490 4681 1525 4721 ss.
