3750 5592
824 594 1043 655 „42„

349 811 493 875 egressus
516 798 593 875 erat,
618 790 795 876 Theseique
819 789 919 856 adulti
943 791 1085 855 Athenas
1109 790 1255 875 reditum,
1273 790 1389 855 Minois
1412 798 1522 855 oontra

348 897 490 962 Athenas
514 899 757 984 expeditionem,
781 900 952 963 Minotauri
977 921 996 962 a
1016 899 1139 963 Theseo
1163 901 1236 963 vieti
1261 899 1412 977 fabulam,
1436 898 1521 961 Dae·

349 1005 412 1068 dali
447 1028 537 1069 casus
573 1007 711 1071 breviter
746 1015 867 1090 tractat,
903 1007 1116 1070 narrationem
1152 1004 1309 1070 dedueens
1343 1028 1443 1091 usque
1481 1003 1522 1069 ad

348 1112 435 1176 VIII
460 1116 539 1196 2693
564 1122 595 1177 et
617 1136 725 1177 rursus
742 1115 922 1178 fabularum
937 1115 1049 1177 seriem
1074 1112 1337 1199 amythographo
1360 1118 1523 1199 acceptam

349 1220 581 1283 narrationibus
604 1221 731 1286 aliunde
755 1222 861 1306 petitis
885 1230 1027 1286 exornat.

454 1328 634 1412 Antequam
671 1337 776 1391 autem
814 1328 854 1391 ad
894 1331 976 1414 ipsas
1013 1328 1137 1391 fabulas
1177 1327 1371 1408 aeoedamus,
1411 1347 1523 1390 versus

348 1433 491 1497 attendas
520 1455 582 1516 eos,
612 1435 664 1498 ubi
689 1433 821 1499 Ovidius
845 1458 862 1498 a
887 1435 1000 1498 Iledea
1023 1434 1064 1498 ad
1088 1434 1245 1498 Theseum
1267 1434 1389 1497 transit.
1438 1432 1525 1496 Nam

348 1561 413 1604 non
427 1541 489 1605 alio
504 1540 581 1604 duee
600 1541 650 1605 hio
673 1563 745 1604 eum
769 1563 859 1605 usum
885 1564 952 1604 esse
977 1550 1070 1626 atque
1095 1563 1189 1627 supra
1213 1541 1256 1621 (v.
1273 1563 1302 1625 p.
1320 1541 1360 1603 37
1377 1541 1425 1622 a),
1451 1561 1525 1604 oum

348 1648 389 1711 ab
412 1647 652 1711 Atheniensium
677 1649 770 1711 rebus
794 1648 834 1711 ad
862 1650 1003 1712 Iasonem
1029 1650 1186 1730 transiret,
1210 1646 1400 1710 bibliotheca
1420 1644 1524 1730 dooet,

350 1755 403 1817 ubi
429 1755 444 1817 I
471 1755 542 1831 147,
572 1771 737 1839 postquam
768 1755 909 1819 Medeam
943 1756 981 1818 ab
1010 1756 1120 1840 Aegeo
1150 1758 1182 1818 in
1209 1754 1445 1818 matrimonium
1473 1775 1526 1817 ao·

349 1873 470 1947 septam
494 1885 562 1926 esse
586 1862 676 1945 dixit,
708 1864 836 1926 adnotat
860 1863 947 1926 illam
977 1873 1095 1948 postea,
1125 1864 1199 1946 quia
1222 1860 1345 1925 Theseo
1377 1860 1527 1924 insidiata

350 1968 398 2051 sit,
429 1969 563 2032 Athenis
593 1972 757 2054 expulsam
786 1992 855 2033 oum
883 1970 977 2033 bledo
1006 1971 1070 2032 lilio
1099 1970 1139 2032 ad
1170 1968 1301 2032 llolohos
1329 1969 1525 2053 pervenisse.

350 2076 397 2138 lle
428 2077 539 2140 liedes
567 2087 671 2140 autem
700 2077 739 2140 ad
768 2076 898 2140 Colchos
926 2099 1054 2141 reversa
1082 2076 1167 2161 apud
1190 2074 1340 2139 Ovidium
1367 2075 1447 2138 nihil
1477 2076 1527 2137 in-

351 2184 484 2264 uenitur,
509 2184 626 2269 quippe
651 2187 702 2268 qui
727 2187 789 2247 iam
814 2184 852 2247 ad
877 2183 992 2247 Thesei
1017 2186 1101 2247 l'aota
1124 2183 1293 2247 transierit.

455 2291 562 2354 Laetis
577 2293 672 2376 igitur
687 2293 833 2377 auspiciis
850 2294 943 2353 etiam
960 2292 1006 2373 iis,
1033 2313 1113 2376 quae
1133 2298 1306 2375 sequuntur
1323 2286 1362 2353 de
1378 2289 1527 2352 Theseo

350 2397 474 2460 llinoe
502 2397 680 2481 llaedalo,
698 2398 831 2462 eundem
849 2400 934 2462 illum
953 2399 1068 2461 fontem
1086 2396 1380 2483 mp'thographieum
1394 2394 1527 2459 subesse

351 2502 564 2567 demonstrare
589 2527 745 2568 conemur.

457 2613 649 2697 Interposuit
673 2613 798 2697 uiridem
814 2612 947 2676 lividius
972 2612 1096 2675 fabulas
1117 2610 1244 2675 aliunde
1259 2612 1372 2696 petitas
1397 2610 1435 2673 do
1454 2631 1527 2674 aoo-

351 2719 416 2780 nito
426 2716 463 2799 ¹⁰)
488 2718 570 2799 (VII
585 2720 783 2801 408—419),
809 2718 848 2781 de
866 2718 1116 2804 Myrmidonibus
1131 2717 1326 2781 enforrnieis
1350 2718 1426 2780 ortis
1441 2716 1527 2797 (VII

351 2826 550 2906 518—660),
588 2825 627 2888 de
664 2828 814 2911 l'ephalo,
856 2826 1012 2896 l'roorido,
1053 2825 1146 2910 vulpe
1193 2825 1393 2887 Teumessioa
1440 2822 1526 2903 (VII

352 2932 550 3014 oso-862),
576 2932 614 2994 de
642 2933 769 2995 l'erdioe
794 2955 811 2995 a
839 2931 978 2995 Daedalo
1010 2932 1173 2994 interfecto
1197 2930 1298 3011 (VIII
1323 2930 1525 3011 236—259).

458 3039 531 3101 ‚lam
555 3042 727 3125 quaeritur,
756 3062 830 3102 num
859 3041 985 3102 seeretis
1010 3040 1057 3119 iis,
1082 3039 1304 3123 (praenotavi,
1330 3038 1527 3100 narrationes

352 3145 391 3207 de
415 3146 536 3209 Theseo
561 3146 665 3209 Minoe
693 3146 831 3210 llaedalo
862 3148 900 3208 ita
935 3148 1015 3208 inter
1039 3166 1071 3207 se
1095 3145 1292 3225 cohaereant,
1317 3150 1351 3207 ut
1375 3142 1528 3208 Ovidium

352 3273 460 3315 earum
484 3255 597 3315 seriem
621 3275 662 3317 en
685 3253 868 3338 eoinpendio
891 3254 1031 3315 hausisse
1057 3250 1242 3314 sunmndum
1267 3252 1315 3314 sit.

460 3363 547 3433 Quae
562 3361 687 3443 quidem
713 3361 751 3422 do
766 3360 887 3422 'I'heseo
902 3361 1061 3422 'l'roezene
1075 3358 1227 3422 redeunte
1247 3357 1380 3421 Ovidius
1402 3357 1528 3442 profert

352 3465 434 3546 (VII
464 3468 663 3548 sos-424),
693 3468 809 3529 scilieet
837 3467 936 3549 heroi,
966 3488 1035 3529 oum
1065 3466 1189 3550 ignotus
1213 3464 1354 3527 Athenas
1385 3463 1527 3545 redierit,

356 3573 497 3637 lIodeam
520 3574 666 3659 poculum
695 3575 913 3637 veneniferum
941 3573 1112 3657 paravisse,
1143 3571 1227 3656 quod
1255 3592 1326 3634 eum
1350 3570 1402 3634 ille
1427 3567 1468 3633 ad
1494 3590 1530 3634 os

353 3702 510 3765 apponere
535 3682 678 3762 uoluerit,
700 3679 843 3764 Aegeum
858 3694 981 3764 patrem
996 3678 1096 3742 filium
1122 3677 1227 3763 gladio
1244 3680 1409 3761 agnovisse
1425 3683 1456 3740 ot
1470 3698 1529 3761 po·

353 3788 455 3850 eulmn
490 3791 517 3849 ei
549 3787 692 3849 manibus
724 3787 908 3870 deripuisse,
940 3787 1017 3849 haee
1048 3787 1152 3848 onmia
1183 3784 1291 3848 eodem
1320 3783 1412 3846 modo
1440 3783 1531 3867 apud

352 3893 580 3978 Apollodorum
609 3894 671 3977 (ep.
697 3894 769 3956 l'at.
798 3894 825 3973 l,
856 3897 875 3955 l
908 3894 964 3974 ss.)
999 3894 1154 3975 leguntur,
1186 3892 1246 3953 nisi
1279 3890 1363 3975 quod
1393 3887 1530 3953 Ovidius

356 4004 483 4064 variatis
497 4002 717 4086 mythographi
737 4000 838 4063 uerbis
858 3999 1000 4062 lledeain
1026 3999 1169 4079 ,nebulis
1185 4019 1241 4082 per
1255 3998 1393 4060 oarnrina
1411 3998 1526 4060 motis“

354 4107 397 4187 (u.
414 4109 492 4189 424)
516 4108 649 4170 Athenis
674 4107 821 4190 effugisse
845 4102 1011 4187 narrat.¹¹)
1058 4104 1139 4168 Item
1167 4111 1278 4188 pomae
1303 4104 1447 4185 varianti,
1473 4106 1532 4188 qui

463 4284 494 4348 ¹⁸¹)
514 4283 614 4334 l'anuu
627 4299 658 4334 ex
675 4284 846 4350 Euphorione
861 4285 945 4349 petita
958 4289 1009 4347 est:
1025 4280 1056 4333 ef.
1069 4280 1197 4334 Schultzii
1211 4280 1400 4347 EuphorIonea
1413 4296 1439 4346 p.
1451 4282 1487 4332 33
1497 4297 1532 4349 s.;

355 4372 416 4425 diss.
436 4375 575 4438 Argentor.
600 4377 673 4424 lons.

463 4478 494 4546 ¹¹)
519 4480 566 4532 Oi.
593 4496 614 4529 v.
637 4482 700 4530 424:
728 4477 878 4545 „et'l'ugit
905 4478 951 4528 illa
973 4493 1061 4529 {teroem
1084 4476 1185 4527 nebulis
1206 4492 1254 4542 per
1276 4476 1392 4528 carmina
1415 4476 1533 4545 motis“;

355 4567 533 4635 Apollodorus
552 4575 639 4619 autum
659 4566 721 4617 bibl.
741 4582 781 4633 ep.
798 4571 850 4625 nt:
872 4570 987 4631 „tipus-h:
1004 4570 1029 4616 (ῖὲ
1050 4606 1095 4615 ...
1117 4566 1248 4627 ἐξέβαλε
1268 4567 1311 4625 τὴν
1332 4562 1471 4624 Μὴδειαν.“
1495 4568 1535 4619 At

356 4660 391 4710 nil
412 4659 527 4722 interest,
548 4658 670 4724 quomam
689 4672 723 4708 ex
742 4654 930 4710 ooirsuetudiue
945 4656 1090 4710 variantem
1108 4652 1190 4708 habes
1208 4661 1321 4725 poetam.
1342 4650 1418 4725 Quod
1437 4660 1536 4714 sonna
