<?xml version="1.0" encoding="UTF-8"?>
<!DOCTYPE html PUBLIC "-//W3C//DTD XHTML 1.0 Transitional//EN"
    "http://www.w3.org/TR/xhtml1/DTD/xhtml1-transitional.dtd">
<html xmlns="http://www.w3.org/1999/xhtml" xml:lang="en" lang="en">
 <head>
  <title>
</title>
<meta http-equiv="Content-Type" content="text/html;charset=utf-8" />
  <meta name='ocr-system' content='tesseract 3.04.00' />
  <meta name='ocr-capabilities' content='ocr_page ocr_carea ocr_par ocr_line ocrx_word'/>
</head>
<body>
  <div class='ocr_page' id='page_1' title='image "./ovidiusquaratio00kiengoog_0041.png"; bbox 0 0 3750 5592; ppageno 0'>
   <div class='ocr_carea' id='block_1_1' title="bbox 770 591 990 652">
    <p class='ocr_par' dir='ltr' id='par_1_1' title="bbox 770 591 990 652">
     <span class='ocr_line' id='line_1_1' title="bbox 770 591 990 652; baseline -0.009 -15"><span class='ocrx_word' id='word_1_1' title='bbox 770 591 990 652; x_wconf 75' lang='grc'>..37-</span> 
     </span>
    </p>
   </div>
   <div class='ocr_carea' id='block_1_2' title="bbox 487 788 799 865">
    <p class='ocr_par' dir='ltr' id='par_1_2' title="bbox 487 788 799 865">
     <span class='ocr_line' id='line_1_2' title="bbox 487 788 799 865; baseline -0.013 -22"><span class='ocrx_word' id='word_1_2' title='bbox 487 791 589 843; x_wconf 84' lang='lat' dir='ltr'>Procne</span> <span class='ocrx_word' id='word_1_3' title='bbox 608 805 668 842; x_wconf 90' lang='lat' dir='ltr'>eum</span> <span class='ocrx_word' id='word_1_4' title='bbox 711 788 799 865; x_wconf 62' lang='lat' dir='ltr'>lltys</span> 
     </span>
    </p>
   </div>
   <div class='ocr_carea' id='block_1_3' title="bbox 487 858 1399 1249">
    <p class='ocr_par' dir='ltr' id='par_1_3' title="bbox 487 858 1399 1249">
     <span class='ocr_line' id='line_1_3' title="bbox 487 858 1399 957; baseline 0.004 -23"><span class='ocrx_word' id='word_1_5' title='bbox 487 860 700 945; x_wconf 59' lang='grc' dir='ltr'>-ΤῖΓθ-οΜατῐίε</span> <span class='ocrx_word' id='word_1_6' title='bbox 714 866 723 936; x_wconf 78' lang='lat' dir='ltr'>t</span> <span class='ocrx_word' id='word_1_7' title='bbox 738 858 815 929; x_wconf 61' lang='lat' dir='ltr'>-m-et</span> <span class='ocrx_word' id='word_1_8' title='bbox 830 877 941 930; x_wconf 73' lang='lat' dir='ltr'><strong>V1437·</strong></span> <span class='ocrx_word' id='word_1_9' title='bbox 1094 893 1199 957; x_wconf 85' lang='lat' dir='ltr'>Aegeus</span> <span class='ocrx_word' id='word_1_10' title='bbox 1218 920 1252 925; x_wconf 90' lang='lat'><strong>—</strong></span> <span class='ocrx_word' id='word_1_11' title='bbox 1272 888 1399 940; x_wconf 83' lang='lat' dir='ltr'>Theseus.</span> 
     </span>
     <span class='ocr_line' id='line_1_4' title="bbox 504 894 1085 1249; baseline -0.005 -228"><span class='ocrx_word' id='word_1_12' title='bbox 504 969 568 1034; x_wconf 86' lang='lat' dir='ltr'>tilio,</span> <span class='ocrx_word' id='word_1_13' title='bbox 592 976 653 1021; x_wconf 83' lang='lat' dir='ltr'>niet.</span> <span class='ocrx_word' id='word_1_14' title='bbox 665 968 687 1020; x_wconf 85' lang='lat' dir='ltr'>V</span> <span class='ocrx_word' id='word_1_15' title='bbox 690 968 701 1020; x_wconf 95' lang='grc' dir='ltr'>Ι</span> <span class='ocrx_word' id='word_1_16' title='bbox 1064 894 1085 1249; x_wconf 49' lang='grc' dir='ltr'><em>Ξ</em></span> 
     </span>
    </p>
   </div>
   <div class='ocr_carea' id='block_1_4' title="bbox 505 1063 566 1111">
    <p class='ocr_par' dir='ltr' id='par_1_4' title="bbox 505 1063 566 1111">
     <span class='ocr_line' id='line_1_5' title="bbox 505 1063 566 1111; baseline 0 0"><span class='ocrx_word' id='word_1_17' title='bbox 505 1063 566 1111; x_wconf 77' lang='lat'>429.</span> 
     </span>
    </p>
   </div>
   <div class='ocr_carea' id='block_1_5' title="bbox 737 1124 1344 1248">
    <p class='ocr_par' dir='ltr' id='par_1_5' title="bbox 737 1124 1344 1248">
     <span class='ocr_line' id='line_1_6' title="bbox 737 1124 1048 1194; baseline -0.006 -14"><span class='ocrx_word' id='word_1_18' title='bbox 737 1130 852 1194; x_wconf 75' lang='lat' dir='ltr'>Cecrops</span> <span class='ocrx_word' id='word_1_19' title='bbox 871 1157 905 1163; x_wconf 93' lang='lat'><em>—</em></span> <span class='ocrx_word' id='word_1_20' title='bbox 918 1124 1048 1179; x_wconf 83' lang='lat' dir='ltr'>Pandion.</span> 
     </span>
     <span class='ocr_line' id='line_1_7' title="bbox 1094 1183 1344 1248; baseline -0.016 -8"><span class='ocrx_word' id='word_1_21' title='bbox 1094 1188 1183 1240; x_wconf 88' lang='lat' dir='ltr'>Pallas</span> <span class='ocrx_word' id='word_1_22' title='bbox 1254 1183 1344 1248; x_wconf 75' lang='lat' dir='ltr'>Butes</span> 
     </span>
    </p>
   </div>
   <div class='ocr_carea' id='block_1_6' title="bbox 1072 1074 1466 1508">
    <p class='ocr_par' dir='ltr' id='par_1_6' title="bbox 1072 1074 1466 1508">
     <span class='ocr_line' id='line_1_8' title="bbox 1072 1074 1466 1508; baseline -0.013 -180"><span class='ocrx_word' id='word_1_23' title='bbox 1072 1256 1183 1508; x_wconf 39' lang='grc' dir='ltr'>ὦ</span> <span class='ocrx_word' id='word_1_24' title='bbox 1227 1074 1466 1327; x_wconf 56' lang='lat' dir='ltr'>taurinam</span> 
     </span>
    </p>
   </div>
   <div class='ocr_carea' id='block_1_7' title="bbox 739 1466 1186 1609">
    <p class='ocr_par' dir='ltr' id='par_1_7' title="bbox 739 1466 1186 1609">
     <span class='ocr_line' id='line_1_9' title="bbox 1095 1466 1186 1535; baseline 0 -18"><span class='ocrx_word' id='word_1_25' title='bbox 1095 1466 1186 1535; x_wconf 84' lang='lat' dir='ltr'>Lycus</span> 
     </span>
     <span class='ocr_line' id='line_1_10' title="bbox 739 1558 851 1609; baseline -0.018 0"><span class='ocrx_word' id='word_1_26' title='bbox 739 1558 851 1609; x_wconf 86' lang='lat' dir='ltr'><strong>Procris.</strong></span> 
     </span>
    </p>
   </div>
   <div class='ocr_carea' id='block_1_8' title="bbox 739 1702 845 1755">
    <p class='ocr_par' dir='ltr' id='par_1_8' title="bbox 739 1702 845 1755">
     <span class='ocr_line' id='line_1_11' title="bbox 739 1702 845 1755; baseline -0.019 0"><span class='ocrx_word' id='word_1_27' title='bbox 739 1702 845 1755; x_wconf 86' lang='lat' dir='ltr'><strong>Creusa.</strong></span> 
     </span>
    </p>
   </div>
   <div class='ocr_carea' id='block_1_9' title="bbox 738 1877 1386 2088">
    <p class='ocr_par' dir='ltr' id='par_1_9' title="bbox 738 1877 1386 2088">
     <span class='ocr_line' id='line_1_12' title="bbox 1096 1877 1191 1940; baseline -0.011 -10"><span class='ocrx_word' id='word_1_28' title='bbox 1096 1877 1191 1940; x_wconf 73' lang='lat' dir='ltr'>Calais</span> 
     </span>
     <span class='ocr_line' id='line_1_13' title="bbox 1093 1947 1386 2003; baseline -0.003 -1"><span class='ocrx_word' id='word_1_29' title='bbox 1093 1947 1183 1956; x_wconf 81' lang='grc'>“““</span> <span class='ocrx_word' id='word_1_30' title='bbox 1201 1957 1260 2002; x_wconf 89' lang='lat' dir='ltr'>met.</span> <span class='ocrx_word' id='word_1_31' title='bbox 1275 1950 1313 2002; x_wconf 81' lang='lat' dir='ltr'>Vl</span> <span class='ocrx_word' id='word_1_32' title='bbox 1327 1953 1386 2003; x_wconf 85' lang='grc'><strong>719.</strong></span> 
     </span>
     <span class='ocr_line' id='line_1_14' title="bbox 738 2021 1180 2088; baseline -0.007 -12"><span class='ocrx_word' id='word_1_33' title='bbox 738 2023 859 2088; x_wconf 80' lang='lat' dir='ltr'>Orithyia</span> <span class='ocrx_word' id='word_1_34' title='bbox 878 2039 937 2075; x_wconf 90' lang='lat' dir='ltr'>cum</span> <span class='ocrx_word' id='word_1_35' title='bbox 956 2021 1051 2086; x_wconf 86' lang='lat' dir='ltr'>Borea,</span> <span class='ocrx_word' id='word_1_36' title='bbox 1094 2022 1180 2082; x_wconf 86' lang='lat' dir='ltr'>Zetes,</span> 
     </span>
    </p>
   </div>
   <div class='ocr_carea' id='block_1_10' title="bbox 755 2111 985 2166">
    <p class='ocr_par' dir='ltr' id='par_1_10' title="bbox 755 2111 985 2166">
     <span class='ocr_line' id='line_1_15' title="bbox 755 2111 985 2166; baseline -0.009 -1"><span class='ocrx_word' id='word_1_37' title='bbox 755 2119 816 2165; x_wconf 88' lang='lat' dir='ltr'>met.</span> <span class='ocrx_word' id='word_1_38' title='bbox 828 2111 866 2164; x_wconf 90' lang='lat' dir='ltr'>Vl</span> <span class='ocrx_word' id='word_1_39' title='bbox 885 2116 935 2166; x_wconf 87' lang='grc'>711</span> <span class='ocrx_word' id='word_1_40' title='bbox 952 2127 985 2164; x_wconf 91' lang='lat' dir='ltr'>ss.</span> 
     </span>
    </p>
   </div>
   <div class='ocr_carea' id='block_1_11' title="bbox 738 1844 1085 2095">
    <p class='ocr_par' dir='ltr' id='par_1_11' title="bbox 738 1844 1085 2095">
     <span class='ocr_line' id='line_1_16' title="bbox 738 1844 1085 2095; baseline -0.003 -197"><span class='ocrx_word' id='word_1_41' title='bbox 738 1844 879 1898; x_wconf 75' lang='lat' dir='ltr'>Chthonia.</span> <span class='ocrx_word' id='word_1_42' title='bbox 1068 1864 1085 2095; x_wconf 68' lang='grc' dir='ltr'>Ι</span> 
     </span>
    </p>
   </div>
   <div class='ocr_carea' id='block_1_12' title="bbox 1071 2106 1244 2233">
    <p class='ocr_par' dir='ltr' id='par_1_12' title="bbox 1071 2106 1244 2233">
     <span class='ocr_line' id='line_1_17' title="bbox 1071 2106 1244 2233; baseline -0.006 -15"><span class='ocrx_word' id='word_1_43' title='bbox 1071 2106 1079 2201; x_wconf 54' lang='lat' dir='ltr'>t</span> <span class='ocrx_word' id='word_1_44' title='bbox 1096 2166 1244 2233; x_wconf 79' lang='lat' dir='ltr'>Cleopatra.</span> 
     </span>
    </p>
   </div>
   <div class='ocr_carea' id='block_1_13' title="bbox 1074 2207 1204 2361">
    <p class='ocr_par' dir='ltr' id='par_1_13' title="bbox 1074 2207 1204 2361">
     <span class='ocr_line' id='line_1_18' title="bbox 1074 2207 1204 2361; baseline 0.023 -4"><span class='ocrx_word' id='word_1_45' title='bbox 1074 2207 1084 2357; x_wconf 75' lang='grc' dir='ltr'>Ι</span> <span class='ocrx_word' id='word_1_46' title='bbox 1095 2308 1204 2361; x_wconf 81' lang='lat' dir='ltr'>Chione.</span> 
     </span>
    </p>
   </div>
   <div class='ocr_carea' id='block_1_14' title="bbox 294 2507 1470 4624">
    <p class='ocr_par' dir='ltr' id='par_1_14' title="bbox 294 2507 1469 3214">
     <span class='ocr_line' id='line_1_19' title="bbox 401 2507 1467 2595; baseline -0.002 -24"><span class='ocrx_word' id='word_1_47' title='bbox 401 2510 505 2573; x_wconf 79' lang='lat' dir='ltr'>{llistat</span> <span class='ocrx_word' id='word_1_48' title='bbox 522 2509 649 2595; x_wconf 85' lang='lat' dir='ltr'>quidem</span> <span class='ocrx_word' id='word_1_49' title='bbox 666 2509 797 2572; x_wconf 77' lang='lat' dir='ltr'>Ovidius</span> <span class='ocrx_word' id='word_1_50' title='bbox 823 2508 862 2571; x_wconf 89' lang='lat' dir='ltr'>ab</span> <span class='ocrx_word' id='word_1_51' title='bbox 878 2507 1075 2593; x_wconf 84' lang='lat' dir='ltr'>Apollodoro</span> <span class='ocrx_word' id='word_1_52' title='bbox 1098 2507 1157 2570; x_wconf 89' lang='lat' dir='ltr'>hae</span> <span class='ocrx_word' id='word_1_53' title='bbox 1182 2510 1213 2569; x_wconf 91' lang='lat' dir='ltr'>in</span> <span class='ocrx_word' id='word_1_54' title='bbox 1237 2530 1281 2589; x_wconf 75' lang='lat' dir='ltr'>ro,</span> <span class='ocrx_word' id='word_1_55' title='bbox 1307 2508 1389 2593; x_wconf 88' lang='lat' dir='ltr'>quod</span> <span class='ocrx_word' id='word_1_56' title='bbox 1404 2527 1467 2570; x_wconf 89' lang='lat' dir='ltr'>non</span> 
     </span>
     <span class='ocr_line' id='line_1_20' title="bbox 295 2614 1467 2701; baseline -0.003 -22"><span class='ocrx_word' id='word_1_57' title='bbox 295 2624 357 2679; x_wconf 84' lang='lat' dir='ltr'>tres</span> <span class='ocrx_word' id='word_1_58' title='bbox 381 2616 550 2679; x_wconf 83' lang='lat' dir='ltr'>Erechthei</span> <span class='ocrx_word' id='word_1_59' title='bbox 575 2618 670 2678; x_wconf 83' lang='lat' dir='ltr'>fuisse</span> <span class='ocrx_word' id='word_1_60' title='bbox 693 2616 775 2678; x_wconf 88' lang='lat' dir='ltr'>filios</span> <span class='ocrx_word' id='word_1_61' title='bbox 800 2623 1010 2701; x_wconf 86' lang='lat' dir='ltr'>quattuorque</span> <span class='ocrx_word' id='word_1_62' title='bbox 1033 2614 1124 2696; x_wconf 81' lang='lat' dir='ltr'>filias,</span> <span class='ocrx_word' id='word_1_63' title='bbox 1149 2623 1184 2676; x_wconf 94' lang='lat' dir='ltr'>ut</span> <span class='ocrx_word' id='word_1_64' title='bbox 1206 2614 1467 2698; x_wconf 71' lang='lat' dir='ltr'>mythographns‚</span> 
     </span>
     <span class='ocr_line' id='line_1_21' title="bbox 295 2720 1467 2809; baseline -0.002 -25"><span class='ocrx_word' id='word_1_65' title='bbox 295 2722 351 2786; x_wconf 87' lang='lat' dir='ltr'>sed</span> <span class='ocrx_word' id='word_1_66' title='bbox 375 2731 501 2809; x_wconf 85' lang='lat' dir='ltr'>quattor</span> <span class='ocrx_word' id='word_1_67' title='bbox 524 2724 604 2786; x_wconf 87' lang='lat' dir='ltr'>lilios</span> <span class='ocrx_word' id='word_1_68' title='bbox 629 2722 822 2807; x_wconf 79' lang='lat' dir='ltr'>totidemque</span> <span class='ocrx_word' id='word_1_69' title='bbox 845 2722 926 2784; x_wconf 84' lang='lat' dir='ltr'>filias</span> <span class='ocrx_word' id='word_1_70' title='bbox 952 2722 1034 2784; x_wconf 87' lang='lat' dir='ltr'>dicit.</span> <span class='ocrx_word' id='word_1_71' title='bbox 1061 2720 1152 2794; x_wconf 75' lang='lat' dir='ltr'>Quod</span> <span class='ocrx_word' id='word_1_72' title='bbox 1177 2720 1303 2806; x_wconf 89' lang='lat' dir='ltr'>quidem</span> <span class='ocrx_word' id='word_1_73' title='bbox 1327 2721 1467 2805; x_wconf 88' lang='lat' dir='ltr'>poeticae</span> 
     </span>
     <span class='ocr_line' id='line_1_22' title="bbox 294 2827 1468 2914; baseline -0.003 -22"><span class='ocrx_word' id='word_1_74' title='bbox 294 2829 438 2893; x_wconf 87' lang='lat' dir='ltr'>licentiae</span> <span class='ocrx_word' id='word_1_75' title='bbox 462 2833 613 2914; x_wconf 86' lang='lat' dir='ltr'>ignoscas.</span> <span class='ocrx_word' id='word_1_76' title='bbox 639 2830 732 2893; x_wconf 74' lang='lat' dir='ltr'>(terte</span> <span class='ocrx_word' id='word_1_77' title='bbox 748 2830 806 2893; x_wconf 91' lang='lat' dir='ltr'>hoo</span> <span class='ocrx_word' id='word_1_78' title='bbox 822 2851 863 2893; x_wconf 82' lang='lat' dir='ltr'>ex</span> <span class='ocrx_word' id='word_1_79' title='bbox 877 2827 1055 2891; x_wconf 88' lang='lat' dir='ltr'>nominibus</span> <span class='ocrx_word' id='word_1_80' title='bbox 1073 2828 1111 2891; x_wconf 88' lang='lat' dir='ltr'>ab</span> <span class='ocrx_word' id='word_1_81' title='bbox 1130 2827 1242 2892; x_wconf 76' lang='lat' dir='ltr'>Ouidio</span> <span class='ocrx_word' id='word_1_82' title='bbox 1257 2827 1468 2913; x_wconf 78' lang='lat' dir='ltr'>compluribus</span> 
     </span>
     <span class='ocr_line' id='line_1_23' title="bbox 296 2933 1469 3022; baseline -0.001 -24"><span class='ocrx_word' id='word_1_83' title='bbox 296 2938 370 2999; x_wconf 82' lang='lat' dir='ltr'>loeis</span> <span class='ocrx_word' id='word_1_84' title='bbox 403 2938 507 3000; x_wconf 87' lang='lat' dir='ltr'>allatis</span> <span class='ocrx_word' id='word_1_85' title='bbox 540 2946 681 3022; x_wconf 75' lang='lat' dir='ltr'>apparet,</span> <span class='ocrx_word' id='word_1_86' title='bbox 714 2936 1009 3021; x_wconf 80' lang='lat' dir='ltr'>hletarnorphoseon</span> <span class='ocrx_word' id='word_1_87' title='bbox 1041 2937 1238 2997; x_wconf 85' lang='lat' dir='ltr'>narrationes</span> <span class='ocrx_word' id='word_1_88' title='bbox 1271 2935 1379 2997; x_wconf 88' lang='lat' dir='ltr'>eadem</span> <span class='ocrx_word' id='word_1_89' title='bbox 1414 2933 1469 2997; x_wconf 88' lang='lat' dir='ltr'>illa</span> 
     </span>
     <span class='ocr_line' id='line_1_24' title="bbox 295 3042 1469 3129; baseline -0.003 -22"><span class='ocrx_word' id='word_1_90' title='bbox 295 3044 481 3129; x_wconf 89' lang='lat' dir='ltr'>genealogia</span> <span class='ocrx_word' id='word_1_91' title='bbox 511 3065 547 3107; x_wconf 91' lang='lat' dir='ltr'>ae</span> <span class='ocrx_word' id='word_1_92' title='bbox 570 3043 778 3106; x_wconf 81' lang='lat' dir='ltr'>bibliothecae</span> <span class='ocrx_word' id='word_1_93' title='bbox 808 3063 871 3105; x_wconf 92' lang='lat' dir='ltr'>non</span> <span class='ocrx_word' id='word_1_94' title='bbox 895 3042 934 3104; x_wconf 87' lang='lat' dir='ltr'>ab</span> <span class='ocrx_word' id='word_1_95' title='bbox 960 3042 1104 3104; x_wconf 86' lang='lat' dir='ltr'>omnibus</span> <span class='ocrx_word' id='word_1_96' title='bbox 1133 3042 1311 3104; x_wconf 87' lang='lat' dir='ltr'>auctoribus</span> <span class='ocrx_word' id='word_1_97' title='bbox 1342 3050 1469 3125; x_wconf 83' lang='lat' dir='ltr'>accepta</span> 
     </span>
     <span class='ocr_line' id='line_1_25' title="bbox 295 3150 634 3214; baseline -0.003 -1"><span class='ocrx_word' id='word_1_98' title='bbox 295 3151 377 3214; x_wconf 90' lang='lat' dir='ltr'>inter</span> <span class='ocrx_word' id='word_1_99' title='bbox 400 3172 432 3213; x_wconf 91' lang='lat' dir='ltr'>se</span> <span class='ocrx_word' id='word_1_100' title='bbox 456 3150 634 3214; x_wconf 85' lang='lat' dir='ltr'>cohaerere.</span> 
     </span>
    </p>

    <p class='ocr_par' dir='ltr' id='par_1_15' title="bbox 295 3255 1470 4624">
     <span class='ocr_line' id='line_1_26' title="bbox 405 3255 1467 3340; baseline -0.002 -20"><span class='ocrx_word' id='word_1_101' title='bbox 405 3259 566 3320; x_wconf 87' lang='lat' dir='ltr'>Hactenus</span> <span class='ocrx_word' id='word_1_102' title='bbox 581 3258 713 3321; x_wconf 79' lang='lat' dir='ltr'>Ovidius</span> <span class='ocrx_word' id='word_1_103' title='bbox 738 3256 776 3319; x_wconf 87' lang='lat' dir='ltr'>de</span> <span class='ocrx_word' id='word_1_104' title='bbox 792 3255 990 3319; x_wconf 78' lang='lat' dir='ltr'>llriehthonii</span> <span class='ocrx_word' id='word_1_105' title='bbox 1014 3255 1164 3339; x_wconf 88' lang='lat' dir='ltr'>progenie</span> <span class='ocrx_word' id='word_1_106' title='bbox 1190 3258 1318 3340; x_wconf 85' lang='lat' dir='ltr'>eiusque</span> <span class='ocrx_word' id='word_1_107' title='bbox 1335 3255 1467 3318; x_wconf 86' lang='lat' dir='ltr'>casibus.</span> 
     </span>
     <span class='ocr_line' id='line_1_27' title="bbox 297 3362 1469 3447; baseline -0.003 -20"><span class='ocrx_word' id='word_1_108' title='bbox 297 3365 424 3428; x_wconf 84' lang='lat' dir='ltr'>Transit</span> <span class='ocrx_word' id='word_1_109' title='bbox 443 3365 512 3427; x_wconf 82' lang='lat' dir='ltr'>VH</span> <span class='ocrx_word' id='word_1_110' title='bbox 540 3366 554 3425; x_wconf 92' lang='grc'><strong>1</strong></span> <span class='ocrx_word' id='word_1_111' title='bbox 581 3365 620 3427; x_wconf 92' lang='lat' dir='ltr'>ad</span> <span class='ocrx_word' id='word_1_112' title='bbox 645 3385 743 3428; x_wconf 85' lang='lat' dir='ltr'>noras</span> <span class='ocrx_word' id='word_1_113' title='bbox 767 3384 831 3427; x_wconf 83' lang='lat' dir='ltr'>res:</span> <span class='ocrx_word' id='word_1_114' title='bbox 856 3363 1163 3447; x_wconf 78' lang='lat' dir='ltr'>Argonautarum</span> <span class='ocrx_word' id='word_1_115' title='bbox 1188 3362 1469 3447; x_wconf 79' lang='lat' dir='ltr'>expeditionem</span> 
     </span>
     <span class='ocr_line' id='line_1_28' title="bbox 295 3454 1467 3555; baseline -0.003 -21"><span class='ocrx_word' id='word_1_116' title='bbox 295 3478 331 3534; x_wconf 87' lang='lat' dir='ltr'>et</span> <span class='ocrx_word' id='word_1_117' title='bbox 354 3470 507 3534; x_wconf 77' lang='lat' dir='ltr'>Medeae</span> <span class='ocrx_word' id='word_1_118' title='bbox 532 3454 729 3533; x_wconf 82' lang='lat' dir='ltr'>historiam</span> <span class='ocrx_word' id='word_1_119' title='bbox 754 3473 877 3555; x_wconf 81' lang='lat' dir='ltr'>copiose</span> <span class='ocrx_word' id='word_1_120' title='bbox 902 3477 1023 3532; x_wconf 85' lang='lat' dir='ltr'>tractat.</span> <span class='ocrx_word' id='word_1_121' title='bbox 1057 3467 1119 3533; x_wconf 83' lang='lat' dir='ltr'>Sed</span> <span class='ocrx_word' id='word_1_122' title='bbox 1144 3470 1256 3531; x_wconf 89' lang='lat' dir='ltr'>iterum</span> <span class='ocrx_word' id='word_1_123' title='bbox 1281 3470 1411 3533; x_wconf 84' lang='lat' dir='ltr'>revertit</span> <span class='ocrx_word' id='word_1_124' title='bbox 1426 3468 1467 3531; x_wconf 88' lang='lat' dir='ltr'>ad</span> 
     </span>
     <span class='ocr_line' id='line_1_29' title="bbox 295 3575 1468 3663; baseline -0.002 -23"><span class='ocrx_word' id='word_1_125' title='bbox 295 3579 537 3641; x_wconf 88' lang='lat' dir='ltr'>Atheniensium</span> <span class='ocrx_word' id='word_1_126' title='bbox 561 3600 610 3640; x_wconf 89' lang='lat' dir='ltr'>res</span> <span class='ocrx_word' id='word_1_127' title='bbox 628 3602 655 3641; x_wconf 81' lang='lat' dir='ltr'>r.</span> <span class='ocrx_word' id='word_1_128' title='bbox 673 3579 747 3650; x_wconf 73' lang='lat'>404,</span> <span class='ocrx_word' id='word_1_129' title='bbox 773 3598 834 3663; x_wconf 91' lang='lat' dir='ltr'>quo</span> <span class='ocrx_word' id='word_1_130' title='bbox 852 3599 946 3641; x_wconf 73' lang='lat' dir='ltr'>versu</span> <span class='ocrx_word' id='word_1_131' title='bbox 963 3577 1075 3639; x_wconf 82' lang='lat' dir='ltr'>Thesei</span> <span class='ocrx_word' id='word_1_132' title='bbox 1102 3575 1183 3638; x_wconf 85' lang='lat' dir='ltr'>faeta</span> <span class='ocrx_word' id='word_1_133' title='bbox 1208 3596 1337 3638; x_wconf 91' lang='lat' dir='ltr'>narrare</span> <span class='ocrx_word' id='word_1_134' title='bbox 1357 3577 1468 3661; x_wconf 87' lang='lat' dir='ltr'>eoepit.</span> 
     </span>
     <span class='ocr_line' id='line_1_30' title="bbox 295 3682 1470 3769; baseline -0.002 -22"><span class='ocrx_word' id='word_1_135' title='bbox 295 3686 417 3749; x_wconf 83' lang='lat' dir='ltr'>lledias</span> <span class='ocrx_word' id='word_1_136' title='bbox 442 3687 537 3769; x_wconf 87' lang='lat' dir='ltr'>igitur</span> <span class='ocrx_word' id='word_1_137' title='bbox 561 3687 593 3747; x_wconf 91' lang='lat' dir='ltr'>in</span> <span class='ocrx_word' id='word_1_138' title='bbox 617 3686 738 3747; x_wconf 81' lang='lat' dir='ltr'>Atticas</span> <span class='ocrx_word' id='word_1_139' title='bbox 763 3685 887 3747; x_wconf 82' lang='lat' dir='ltr'>fabulas</span> <span class='ocrx_word' id='word_1_140' title='bbox 902 3682 1034 3747; x_wconf 80' lang='lat' dir='ltr'>Ovidius</span> <span class='ocrx_word' id='word_1_141' title='bbox 1058 3684 1190 3745; x_wconf 87' lang='lat' dir='ltr'>inseruit</span> <span class='ocrx_word' id='word_1_142' title='bbox 1213 3683 1470 3767; x_wconf 76' lang='lat' dir='ltr'>Argonautarum</span> 
     </span>
     <span class='ocr_line' id='line_1_31' title="bbox 296 3790 1469 3877; baseline -0.003 -22"><span class='ocrx_word' id='word_1_143' title='bbox 296 3801 327 3855; x_wconf 94' lang='lat' dir='ltr'>et</span> <span class='ocrx_word' id='word_1_144' title='bbox 338 3792 471 3855; x_wconf 79' lang='lat' dir='ltr'>lledeao</span> <span class='ocrx_word' id='word_1_145' title='bbox 484 3814 544 3874; x_wconf 81' lang='lat' dir='ltr'>res,</span> <span class='ocrx_word' id='word_1_146' title='bbox 559 3813 636 3877; x_wconf 84' lang='lat' dir='ltr'>quas</span> <span class='ocrx_word' id='word_1_147' title='bbox 653 3792 759 3854; x_wconf 87' lang='lat' dir='ltr'>itidem</span> <span class='ocrx_word' id='word_1_148' title='bbox 775 3814 816 3854; x_wconf 83' lang='lat' dir='ltr'>ex</span> <span class='ocrx_word' id='word_1_149' title='bbox 831 3790 1014 3876; x_wconf 86' lang='lat' dir='ltr'>compendio</span> <span class='ocrx_word' id='word_1_150' title='bbox 1027 3791 1155 3853; x_wconf 85' lang='lat' dir='ltr'>haustas</span> <span class='ocrx_word' id='word_1_151' title='bbox 1169 3811 1236 3851; x_wconf 83' lang='lat' dir='ltr'>esse</span> <span class='ocrx_word' id='word_1_152' title='bbox 1251 3791 1354 3851; x_wconf 90' lang='lat' dir='ltr'>statim</span> <span class='ocrx_word' id='word_1_153' title='bbox 1368 3799 1469 3852; x_wconf 88' lang='lat' dir='ltr'>osten·</span> 
     </span>
     <span class='ocr_line' id='line_1_32' title="bbox 296 3897 1468 3982; baseline -0.003 -20"><span class='ocrx_word' id='word_1_154' title='bbox 296 3899 415 3962; x_wconf 89' lang='lat' dir='ltr'>demus.</span> <span class='ocrx_word' id='word_1_155' title='bbox 463 3899 507 3961; x_wconf 83' lang='lat' dir='ltr'>At</span> <span class='ocrx_word' id='word_1_156' title='bbox 537 3921 601 3962; x_wconf 89' lang='lat' dir='ltr'>non</span> <span class='ocrx_word' id='word_1_157' title='bbox 630 3898 723 3960; x_wconf 86' lang='lat' dir='ltr'>modo</span> <span class='ocrx_word' id='word_1_158' title='bbox 751 3898 808 3961; x_wconf 90' lang='lat' dir='ltr'>has</span> <span class='ocrx_word' id='word_1_159' title='bbox 839 3898 916 3960; x_wconf 84' lang='lat' dir='ltr'>duas</span> <span class='ocrx_word' id='word_1_160' title='bbox 946 3897 1127 3960; x_wconf 88' lang='lat' dir='ltr'>fabularum</span> <span class='ocrx_word' id='word_1_161' title='bbox 1158 3899 1255 3959; x_wconf 86' lang='lat' dir='ltr'>serios</span> <span class='ocrx_word' id='word_1_162' title='bbox 1286 3897 1468 3982; x_wconf 87' lang='lat' dir='ltr'>compendio</span> 
     </span>
     <span class='ocr_line' id='line_1_33' title="bbox 296 4004 1468 4086; baseline -0.003 -18"><span class='ocrx_word' id='word_1_163' title='bbox 296 4005 398 4086; x_wconf 80' lang='lat' dir='ltr'>dehet,</span> <span class='ocrx_word' id='word_1_164' title='bbox 429 4005 482 4067; x_wconf 85' lang='lat' dir='ltr'>sed</span> <span class='ocrx_word' id='word_1_165' title='bbox 507 4006 603 4069; x_wconf 81' lang='lat' dir='ltr'>etiam</span> <span class='ocrx_word' id='word_1_166' title='bbox 627 4005 737 4067; x_wconf 89' lang='lat' dir='ltr'>eodem</span> <span class='ocrx_word' id='word_1_167' title='bbox 761 4004 841 4067; x_wconf 90' lang='lat' dir='ltr'>libro</span> <span class='ocrx_word' id='word_1_168' title='bbox 867 4005 1002 4066; x_wconf 88' lang='lat' dir='ltr'>fahulari</span> <span class='ocrx_word' id='word_1_169' title='bbox 1033 4016 1204 4065; x_wconf 87' lang='lat' dir='ltr'>commotus</span> <span class='ocrx_word' id='word_1_170' title='bbox 1228 4015 1284 4084; x_wconf 85' lang='lat' dir='ltr'>est,</span> <span class='ocrx_word' id='word_1_171' title='bbox 1313 4010 1346 4066; x_wconf 90' lang='lat' dir='ltr'>ut</span> <span class='ocrx_word' id='word_1_172' title='bbox 1370 4005 1468 4085; x_wconf 84' lang='lat' dir='ltr'>illum,</span> 
     </span>
     <span class='ocr_line' id='line_1_34' title="bbox 297 4108 1469 4197; baseline -0.002 -23"><span class='ocrx_word' id='word_1_173' title='bbox 297 4133 388 4197; x_wconf 88' lang='lat' dir='ltr'>quem</span> <span class='ocrx_word' id='word_1_174' title='bbox 422 4111 513 4174; x_wconf 86' lang='lat' dir='ltr'>modo</span> <span class='ocrx_word' id='word_1_175' title='bbox 546 4112 797 4193; x_wconf 79' lang='lat' dir='ltr'>commemorari,</span> <span class='ocrx_word' id='word_1_176' title='bbox 829 4111 993 4174; x_wconf 79' lang='lat' dir='ltr'>transitum</span> <span class='ocrx_word' id='word_1_177' title='bbox 1026 4110 1143 4172; x_wconf 85' lang='lat' dir='ltr'>faceret</span> <span class='ocrx_word' id='word_1_178' title='bbox 1167 4109 1206 4172; x_wconf 88' lang='lat' dir='ltr'>ab</span> <span class='ocrx_word' id='word_1_179' title='bbox 1230 4108 1469 4174; x_wconf 76' lang='lat' dir='ltr'>Atheniensium</span> 
     </span>
     <span class='ocr_line' id='line_1_35' title="bbox 297 4215 1469 4303; baseline -0.002 -23"><span class='ocrx_word' id='word_1_180' title='bbox 297 4218 390 4281; x_wconf 86' lang='lat' dir='ltr'>rebus</span> <span class='ocrx_word' id='word_1_181' title='bbox 422 4218 462 4281; x_wconf 88' lang='lat' dir='ltr'>ad</span> <span class='ocrx_word' id='word_1_182' title='bbox 493 4220 749 4303; x_wconf 78' lang='lat' dir='ltr'>Argonautarum</span> <span class='ocrx_word' id='word_1_183' title='bbox 778 4216 1021 4302; x_wconf 82' lang='lat' dir='ltr'>expeditionem.</span> <span class='ocrx_word' id='word_1_184' title='bbox 1070 4216 1153 4279; x_wconf 89' lang='lat' dir='ltr'>Nam</span> <span class='ocrx_word' id='word_1_185' title='bbox 1177 4215 1391 4300; x_wconf 85' lang='lat' dir='ltr'>Apollodorus</span> <span class='ocrx_word' id='word_1_186' title='bbox 1415 4216 1469 4279; x_wconf 82' lang='lat' dir='ltr'>tlt</span> 
     </span>
     <span class='ocr_line' id='line_1_36' title="bbox 300 4322 1470 4409; baseline -0.002 -22"><span class='ocrx_word' id='word_1_187' title='bbox 300 4326 372 4406; x_wconf 69' lang='lat'>199,</span> <span class='ocrx_word' id='word_1_188' title='bbox 397 4346 466 4387; x_wconf 80' lang='lat' dir='ltr'>cum</span> <span class='ocrx_word' id='word_1_189' title='bbox 485 4324 662 4409; x_wconf 64' lang='lat' dir='ltr'>ttrithpiam</span> <span class='ocrx_word' id='word_1_190' title='bbox 680 4324 778 4386; x_wconf 78' lang='lat' dir='ltr'>Zeten</span> <span class='ocrx_word' id='word_1_191' title='bbox 802 4333 833 4385; x_wconf 82' lang='lat' dir='ltr'>et</span> <span class='ocrx_word' id='word_1_192' title='bbox 848 4324 960 4386; x_wconf 80' lang='lat' dir='ltr'>thlain</span> <span class='ocrx_word' id='word_1_193' title='bbox 974 4324 1096 4386; x_wconf 84' lang='lat' dir='ltr'>Boreae</span> <span class='ocrx_word' id='word_1_194' title='bbox 1120 4324 1201 4386; x_wconf 85' lang='lat' dir='ltr'>filios</span> <span class='ocrx_word' id='word_1_195' title='bbox 1226 4322 1384 4408; x_wconf 82' lang='lat' dir='ltr'>peperisse</span> <span class='ocrx_word' id='word_1_196' title='bbox 1399 4344 1470 4385; x_wconf 87' lang='lat' dir='ltr'>nar·</span> 
     </span>
     <span class='ocr_line' id='line_1_37' title="bbox 297 4429 1468 4515; baseline -0.001 -22"><span class='ocrx_word' id='word_1_197' title='bbox 297 4434 424 4514; x_wconf 78' lang='lat' dir='ltr'>ramnit⁷</span> <span class='ocrx_word' id='word_1_198' title='bbox 449 4430 536 4494; x_wconf 80' lang='lat' dir='ltr'>addit</span> <span class='ocrx_word' id='word_1_199' title='bbox 560 4452 612 4494; x_wconf 89' lang='lat' dir='ltr'>eos</span> <span class='ocrx_word' id='word_1_200' title='bbox 637 4432 759 4493; x_wconf 82' lang='lat' dir='ltr'>tasonis</span> <span class='ocrx_word' id='word_1_201' title='bbox 784 4431 994 4512; x_wconf 81' lang='lat' dir='ltr'>narigatiorris</span> <span class='ocrx_word' id='word_1_202' title='bbox 1017 4432 1185 4515; x_wconf 77' lang='lat' dir='ltr'>participes</span> <span class='ocrx_word' id='word_1_203' title='bbox 1210 4430 1315 4493; x_wconf 88' lang='lat' dir='ltr'>fuisse.</span> <span class='ocrx_word' id='word_1_204' title='bbox 1350 4429 1468 4492; x_wconf 84' lang='lat' dir='ltr'>Eodem</span> 
     </span>
     <span class='ocr_line' id='line_1_38' title="bbox 297 4536 1264 4624; baseline -0.003 -21"><span class='ocrx_word' id='word_1_205' title='bbox 297 4538 389 4603; x_wconf 88' lang='lat' dir='ltr'>modo</span> <span class='ocrx_word' id='word_1_206' title='bbox 415 4539 600 4604; x_wconf 87' lang='lat' dir='ltr'>terminatur</span> <span class='ocrx_word' id='word_1_207' title='bbox 623 4539 786 4624; x_wconf 74' lang='lat' dir='ltr'>Orithyiae</span> <span class='ocrx_word' id='word_1_208' title='bbox 811 4536 921 4599; x_wconf 88' lang='lat' dir='ltr'>fabula</span> <span class='ocrx_word' id='word_1_209' title='bbox 945 4537 1102 4601; x_wconf 68' lang='lat' dir='ltr'>th&#39;idiana</span> <span class='ocrx_word' id='word_1_210' title='bbox 1126 4538 1189 4600; x_wconf 81' lang='grc'>719</span> <span class='ocrx_word' id='word_1_211' title='bbox 1209 4560 1264 4601; x_wconf 81' lang='lat' dir='ltr'>ss:</span> 
     </span>
    </p>
   </div>
   <div class='ocr_carea' id='block_1_15' title="bbox 0 0 1884 5592">
    <p class='ocr_par' dir='ltr' id='par_1_16' title="bbox 0 0 1884 5592">
     <span class='ocr_line' id='line_1_39' title="bbox 0 0 1884 5592; baseline 0 0"><span class='ocrx_word' id='word_1_212' title='bbox 0 0 1884 5592; x_wconf 95' lang='lat' dir='ltr'> </span> 
     </span>
    </p>
   </div>
  </div>
 </body>
</html>
