3750 5592
810 1450 974 1525 CAPUT
1003 1451 1031 1524 I.

359 1644 535 1724 Ovidius
565 1644 663 1744 quid
693 1668 715 1723 e
746 1645 920 1744 Vergilii
952 1646 1137 1724 Aeneide
1168 1649 1388 1724 mutuatus
1418 1643 1490 1722 sit.

438 1860 571 1923 Ovidius
590 1861 622 1922 in
638 1861 832 1944 amplissimo
858 1860 1009 1923 librorum
1034 1881 1162 1924 suorum
1178 1861 1270 1924 tertio
1288 1860 1408 1923 decimo
1424 1861 1506 1923 inter

332 1968 507 2030 Memnonis
538 1975 569 2030 et
595 1966 670 2030 Anii
701 1967 838 2030 filiarum
870 1968 995 2031 fabulas
1026 1989 1126 2052 pauca
1156 1968 1288 2030 inseruit
1318 1966 1361 2029 de
1391 1966 1506 2029 Troia

332 2094 466 2138 eversa
489 2079 524 2137 et
543 2074 587 2137 de
604 2073 731 2137 Aenea
755 2097 834 2137 cum
852 2081 961 2160 patre
980 2075 1147 2139 Anchisa
1167 2075 1330 2160 profugo
1347 2073 1425 2155 (623
1441 2074 1504 2156 ss).

332 2181 412 2244 Cum
436 2187 541 2244 autem
565 2182 760 2244 narrationes
784 2180 824 2244 de
840 2182 914 2245 Anii
941 2188 972 2244 et
995 2181 1034 2244 de
1050 2182 1175 2245 Orionis
1198 2181 1323 2244 filiabus
1348 2181 1388 2244 ad
1412 2181 1507 2244 finem

331 2286 543 2373 perduxisset,
576 2287 617 2351 ad
646 2288 789 2351 Aeneam
824 2309 970 2351 reversus
1005 2290 1190 2352 brevissime
1225 2290 1410 2373 perstrinxit
1440 2290 1506 2350 (rius

332 2416 493 2477 erroneo,
526 2394 664 2480 quibus
692 2394 787 2458 Delo
817 2397 852 2457 in
882 2396 1054 2459 Siciliam
1085 2395 1258 2458 defertur
1282 2394 1505 2477 (roo—724).

332 2502 438 2566 Pauca
453 2500 568 2565 deinde
584 2503 747 2586 praefatus
763 2503 802 2565 de
820 2502 945 2567 Siciliae
969 2505 1030 2566 situ
1054 2502 1132 2584 (724
1150 2502 1203 2583 ss.)
1228 2524 1350 2566 summa
1369 2504 1508 2566 colorum

332 2615 496 2671 venustate
521 2609 673 2694 depinxit,
708 2610 863 2694 quemodo
887 2610 1103 2695 Polyphemus
1127 2631 1265 2673 amorem
1289 2630 1379 2673 suum
1404 2609 1507 2672 fassus

333 2725 414 2780 esset
430 2716 582 2779 Galateae
606 2738 687 2802 quae
704 2717 838 2780 Aeidem
858 2717 1013 2801 diligeret,
1039 2739 1175 2781 necnon
1196 2717 1352 2801 quomodo
1369 2716 1507 2780 (tiriacus

333 2823 472 2909 Scyllam
491 2824 578 2886 irrito
593 2832 775 2909 persecutus
795 2831 877 2887 essct
892 2846 999 2887 amore
1019 2832 1049 2887 et
1066 2824 1155 2887 Oircc
1169 2823 1279 2888 Glauci
1297 2845 1404 2887 amore
1417 2830 1506 2908 capta

334 2931 490 2994 aemulam
512 2933 642 2995 venenis
667 2934 699 2994 in
722 2941 895 2995 monstrum
919 2939 1070 2995 mutasset
1088 2931 1190 3013 (XIII
1200 2933 1270 3008 ‚732
1287 2970 1321 2977 -
1340 2921 1423 2995 XIV
1440 2932 1506 3013 74).

440 3036 523 3101 XIV
541 3040 581 3103 75
599 3041 712 3102 iterum
728 3039 768 3101 ad
783 3038 924 3102 Aeneam
940 3060 1086 3103 reversus
1101 3041 1252 3101 extremis
1268 3038 1394 3121 quidem
1413 3040 1508 3101 linea-

333 3147 446 3208 mentis
469 3145 629 3209 Didonis
653 3167 813 3209 amorem
842 3160 876 3208 et
900 3153 1065 3228 mortem,
1095 3145 1246 3209 Aeneae
1274 3147 1311 3207 in
1340 3146 1508 3210 Siciliam

333 3253 510 3335 reditum,
540 3255 693 3316 narium
725 3254 953 3330 incendium,
984 3257 1056 3316 iter
1081 3253 1125 3315 ad
1154 3252 1342 3338 Sibyllam
1371 3253 1508 3315 factum

334 3362 481 3445 exposuit
497 3359 695 3441 (75-l05)3
712 3369 820 3423 eontra
836 3360 964 3422 uberius
982 3358 1123 3443 Sibyllae
1139 3345 1511 3441 1111101010(130-153),7

333 3467 504 3551 Cyclopem
521 3467 560 3530 ab
580 3466 676 3529 Ulixe
691 3475 893 3530 excaecatum
907 3468 1122 3551 (lor-222),
1146 3468 1252 3530 Ulixis
1268 3469 1366 3530 socios
1385 3489 1404 3529 a
1421 3465 1510 3529 Circe

335 3575 365 3636 in
383 3595 454 3636 sues
470 3582 604 3637 mutatos
621 3574 835 3656 (ala-309),
864 3575 930 3637 Pici
949 3574 1111 3636 historiam
1127 3575 1331 3656 (arc-434)
1354 3576 1509 3637 tractarit.

333 3680 375 3743 Et
398 3702 435 3743 ea
459 3701 540 3763 quae
565 3682 738 3744 466--511
766 3681 804 3743 (10
828 3680 991 3744 Diomedis
1021 3682 1112 3744 sociis
1137 3684 1169 3743 in
1193 3703 1267 3745 aves
1296 3684 1454 3745 corrrcrsis
1479 3686 1511 3742 et

335 3789 509 3850 ela-526
530 3788 569 3851 (10
583 3799 709 3872 pastore
723 3789 830 3872 Apulo
849 3811 867 3851 a
884 3789 1031 3874 nymphis
1048 3791 1081 3851 in
1098 3790 1267 3851 oleastrum
1286 3789 1508 3852 transformato

334 3897 484 3974 narravit,
508 3897 651 3979 margine
676 3898 764 3981 quasi
790 3897 914 3959 inclusit
939 3895 1072 3959 llridius
1093 3897 1272 3959 narratione
1297 3896 1341 3959 de
1356 3894 1510 3959 Aeneae

334 4001 526 4087 Turnique
555 4003 669 4066 rebus
702 4005 819 4086 gestis
843 4004 1044 4086 (tri-466,
1070 4004 1270 4085 cal-580).
1308 4002 1434 4067 Adiecit
1458 4004 1510 4065 de-

333 4112 429 4194 nique
448 4110 595 4174 Aeneam
620 4112 701 4172 inter
726 4109 800 4173 deos
825 4112 960 4173 relatum
986 4131 1052 4173 esse
1077 4110 1290 4192 (581-608).

440 4216 540 4279 Vides
555 4238 635 4301 quae
650 4217 806 4280 distractis
824 4219 934 4280 litteris
952 4218 1082 4302 adposui
1101 4218 1140 4280 ad
1157 4217 1287 4281 Aeneae
1302 4239 1351 4280 res
1368 4227 1510 4301 spectare

334 4325 424 4386 etita
449 4326 528 4386 inter
547 4345 580 4386 se
599 4324 776 4402 cohaerere,
796 4333 830 4387 ut
851 4324 986 4409 demptis
1014 4326 1143 4410 reliquis
1167 4327 1377 4388 continentem
1403 4346 1507 4388 rerum

334 4432 447 4493 seriem
471 4431 613 4494 efficiant.
654 4432 767 4515 Neque
793 4432 927 4494 incertus
959 4434 1020 4494 eris
1049 4454 1142 4516 quem
1171 4439 1330 4495 auctorem
1359 4432 1398 4495 ad
1429 4433 1511 4496 haec

333 4538 491 4602 narranda
505 4555 628 4602 secutus
643 4540 682 4600 sit
699 4537 839 4602 lividius.
884 4538 924 4600 Ut
941 4541 1024 4601 enim
1041 4542 1297 4624 praetermittam,
1316 4542 1506 4625 quicumque

334 4656 404 4731 post
413 4647 590 4731 Vergilium
600 4648 728 4709 Aeneae
739 4650 933 4709 narrationes
950 4655 1102 4728 tangeret,
1120 4649 1202 4709 illius
1214 4649 1359 4710 carminis
1371 4648 1510 4732 vestigiis
