3750 5592
833 684 1053 745 „67-

352 880 478 942 metheo
510 880 563 964 qui
594 868 737 943 homines
768 855 932 961 crearent,
965 878 1004 941 de
1033 878 1152 941 diluvio
1184 877 1242 941 sub
1265 878 1467 941 Deucalione
1490 878 1530 940 ab

351 986 446 1049 Jove*
459 988 564 1065 misso,
589 986 628 1049 de
644 964 837 1049 Deucalione
849 1005 933 1048 cum
956 985 1082 1070 Pyrrha
1105 985 1138 1048 in
1152 1005 1239 1057 ¹area·
1258 984 1298 1047 ab
1322 985 1450 1048 interitu
1466 1004 1531 1046 ser-

284 1159 285 1162 ,
354 1099 436 1175 vato,
464 1092 504 1155 de
529 1114 629 1156 norae
657 1095 761 1177 gentis
784 1092 941 1154 humanae
966 1098 1047 1175 ortu,
1079 1098 1109 1155 et
1133 1093 1287 1154 artissime
1319 1093 1400 1154 inter
1423 1110 1457 1153 se
1481 1110 1532 1153 co-

352 1199 485 1262 haerent
499 1233 501 1237 ’
515 1206 552 1265 01,
573 1198 684 1263 eodem
717 1198 828 1262 ordine
858 1205 1028 1262 narrantur
1060 1204 1154 1284 atque
1187 1198 1285 1282 apud
1300 1197 1531 1282 Apollodorum

353 1306 386 1386 (li
406 1306 562 1388 45-48).
594 1305 708 1390 Neque
733 1308 764 1368 in
789 1306 922 1390 singulis
947 1305 1105 1369 nonnullis
1129 1304 1223 1368 rebus
1244 1304 1332 1368 deest
1347 1303 1529 1368 similitudo.

353 1412 452 1476 Velut
469 1411 559 1495 illud,
579 1413 806 1475 Deucalionem
825 1433 896 1475 eum
910 1414 1042 1496 coniuge
1060 1411 1152 1492 (319)
1173 1431 1288 1495 ,parva
1303 1417 1371 1473 rate
1385 1412 1527 1474 vectum

356 1520 388 1581 in
410 1519 604 1582 Parnassum
628 1520 758 1605 fugisse,
792 1520 904 1583 melius
929 1525 960 1582 et
984 1519 1170 1603 explicatius
1195 1518 1274 1602 legis
1293 1518 1324 1580 in
1344 1516 1532 1580 bibliotheca

355 1626 371 1688 1
397 1628 436 1688 47
456 1650 491 1708 s.,
515 1626 570 1689 ubi
585 1626 793 1689 Prometheus
809 1626 1036 1689 Deucalionem
1053 1631 1084 1689 et-
1100 1624 1258 1710 Pyrrham
1273 1624 1351 1687 cibis
1366 1625 1531 1686 instructos

355 1734 389 1817 in
403 1753 473 1795 area
491 1732 631 1795 includit.
655 1732 763 1818 Atque
778 1733 873 1795 etiam
886 1732 1112 1817 etpmologiam
1126 1733 1211 1795 vocis
1232 1728 1311 1805 λαοί,
1336 1751 1430 1814 quam
1451 1731 1532 1811 ,ἀπὸ

352 1840 410 1902 τοῦ
434 1840 517 1908 raa:
540 1839 558 1901 ὁ
581 1837 694 1907 tirio&
723 1837 898 1902 derivatam
921 1860 989 1902 esse
1013 1838 1230 1923 Apollodorus
1253 1838 1284 1919 (l
1300 1839 1360 1918 483
1382 1838 1422 1900 ef.
1440 1838 1527 1922 Hyg.

354 1947 377 2009 f.
405 1947 482 2027 153)
505 1945 673 2028 contendit,
699 1946 876 2029 significare
901 1945 1027 2009 ridetur
1041 1945 1174 2009 Ovidius
1199 1969 1227 2008 v.
1246 1945 1311 2007 414
1328 1965 1367 2007 s:
1402 1972 1407 1979 ·

493 2051 584 2133 ,inde
607 2059 707 2137 genus
731 2052 975 2115 durum'sumus
1000 2053 1229 2136 experiensque
1256 2051 1398 2115 laborum

490 2165 522 2222 et
545 2157 733 2223 documenta
756 2157 878 2240 damus,
903 2171 965 2244 qu'a
989 2158 1086 2220 simus
1110 2159 1232 2241 origine
1256 2159 1351 2220 nati.“

462 2266 552 2339 Quod
576 2274 682 2329 autem
702 2263 837 2329 Ovidius
861 2264 1018 2332 diluvium
1036 2285 1103 2333 ,non
1126 2285 1199 2328 eum
1220 2285 1327 2354 aenea⁴
1343 2271 1378 2327 ut
1401 2265 1532 2349 Apollo·
1554 2267 1556 2271 ’

352 2373 460 2455 dorus,
476 2373 531 2436 sed
545 2394 616 2435 cum
638 2374 743 2436 ferrea
766 2380 868 2436 aetate
878 2369 916 2454 ¹⁰)
940 2372 1113 2454 coniunxit,
1138 2371 1210 2434 inde
1234 2372 1420 2456 explicatur,
1446 2370 1530 2455 quod

356 2482 539 2563 interposita
570 2479 609 2542 de
631 2501 687 2542 suo
711 2463 850 2541 aetatum
874 2480 927 2541 illa
952 2480 1032 2541 serie
1054 2477 1209 2540 diluvium
1233 2484 1409 2562 postremae
1434 2478 1531 2539 aetati

357 2586 547 2669 subiungere
571 2594 695 2648 coaetus
718 2594 774 2649 est.

463 2693 502 2754 ln
526 2692 669 2776 plurimis
700 2693 797 2775 igitur
820 2690 1116 2776 Metamorphoseon
1147 2692 1234 2755 libris
1259 2690 1435 2775 compendii
1461 2712 1531 2776 my·

354 2799 503 2882 tholegiei
519 2780 618 2861 *us‘u'm
642 2798 845 2860 ostendimus.
883 2797 990 2883 Atque
1015 2798 1099 2860 illius
1123 2797 1287 2861 enchiridii
1313 2799 1443 2860 imitatio
1468 2800 1531 2860 iam

352 2926 396 2968 ex
419 2926 456 2969 eo
480 2906 596 2986 elucet,
622 2896 706 2989 quod
730 2903 863 2967 Ovidius
884 2904 1037 2980 similiter
1066 2925 1102 2967 ae
1131 2904 1319 2968 bibliotheca
1347 2907 1467 2990 „prima
1490 2905 1529 2967 ab

353 3014 476 3096 origine
499 3011 627 3074 mundi“
657 3011 739 3094 (13)
762 3010 893 3073 narrare
918 3031 1049 3074 exorsus
1074 3017 1129 3092 est,
1154 3017 1185 3072 et
1210 3010 1324 3073 deinde
1340 3010 1531 3074 Graecorum

356 3118 480 3181 fabulas
506 3108 678 3181 seeundum
692 3118 823 3181 heroum
849 3138 968 3201 genera
982 3117 1149 3202 dispositas
1174 3118 1320 3179 tractavit
1334 3118 1530 3203 praecipuas,

353 3224 483 3287 Troieas
500 3225 636 3310 denique
650 3246 700 3288 res
717 3226 873 3308 exposuit.
894 3225 981 3287 *Cum
996 3231 1100 3287 autom
1114 3226 1145 3286 in
1159 3225 1222 3287 fine
1234 3224 1409 3309 compendii
1425 3224 1531 3287 Ulixis

356 3334 387 3394 in
410 3334 545 3416 patriam
575 3331 734 3395 redeuntis
768 3353 890 3394 errores
923 3331 994 3395 lecti
1023 3341 1136 3412 essent,
1167 3330 1307 3408 Ovidius¹
1331 3333 1447 3415 quippe
1478 3332 1530 3417 qui

354 3438 514 3505 Romanos
547 3439 677 3501 lectores
701 3440 883 3524 respiceret,
917 3440 1039 3501 omissis
1062 3438 1257 3502 Aelurorum
1280 3438 1378 3502 nostis
1402 3436 1531 3501 Aeneae

354 3566 404 3607 res
428 3553 532 3629 gestas
546 3543 727 3630 Vergilium
751 3559 875 3608 secutus
900 3545 1031 3625 addidit,
1056 3557 1086 3607 et
1110 3546 1192 3607 ultro
1216 3544 1289 3607 inde
1314 3566 1332 3607 a
1356 3546 1376 3607 l.
1392 3542 1477 3607 XIV
1502 3568 1530 3608 v.

353 3650 419 3712 609
443 3651 660 3714 ltomanorum
683 3673 794 3735 regum
818 3655 941 3734 seriem,
966 3652 1112 3716 Caesaris
1135 3658 1268 3714 mortem
1286 3659 1317 3714 et
1335 3650 1528 3735 apotheosin,

353 3757 519 3821 Octaviani
548 3755 685 3842 denique
715 3758 841 3821 laudem
871 3759 1008 3821 carmine
1039 3758 1219 3841 celebrarit,
1253 3757 1387 3820 deducta
1415 3759 1532 3821 scilieet

355 3866 659 3949 narrationemque
683 3863 724 3927 ad
749 3866 845 3950 ipsius
871 3870 1021 3949 tempora.

461 3971 569 4056 Atque
592 3978 627 4034 ut
651 3992 732 4058 quae
756 3991 877 4034 summa
901 3971 941 4031 sit
963 3970 1056 4034 huius
1080 3970 1306 4033 dissertationis
1326 3972 1529 4055 complectar:

354 4076 497 4160 Ovidius,
522 4088 557 4141 ut
581 4078 781 4163 amplissimis
806 4083 836 4139 et
852 4078 1058 4139 ornatissimis
1082 4077 1231 4140 aedificiis
1247 4078 1311 4139 suis
1335 4076 1435 4139 solida
1458 4078 1531 4141 sub-

354 4190 490 4248 strueret
514 4183 729 4267 fundamenta,
755 4182 875 4268 lapides
899 4182 959 4245 sibi
984 4183 1177 4269 deprompsit
1199 4205 1241 4246 ex
1264 4184 1447 4268 compendio
1464 4206 1531 4270 my·

355 4291 511 4375 tholegico
532 4289 719 4377 Apollodori
733 4288 953 4353 bibliothecae
977 4290 1083 4372 simili,
1108 4289 1192 4376 quod
1216 4288 1367 4354 traditum
1391 4308 1531 4355 tenorem

356 4397 536 4461 fabularum
559 4395 720 4461 commode
745 4399 771 4459 ei
787 4396 969 4482 praebebat.
993 4396 1082 4473 ,inde
1098 4398 1193 4481 igitur
1209 4397 1313 4461 hausit
1337 4400 1531 4462 continentes

464 4555 497 4622 ¹⁰)
517 4555 681 4621 Quamquam
699 4556 818 4607 ultimam
833 4562 914 4615 ,vocat
932 4554 1043 4607 ferream
1062 4562 1175 4608 aretatem
1195 4554 1306 4608 Ovidius
1325 4573 1347 4607 v.
1365 4559 1422 4620 127,
1442 4563 1529 4608 tamen

355 4645 435 4711 paulo
454 4651 521 4711 post,
541 4660 565 4695 v.
581 4646 631 4697 159
650 4659 680 4706 s,
700 4660 733 4696 ex
753 4644 896 4711 Gigantum
914 4645 1041 4711 sangnine
1055 4660 1148 4698 novam
1163 4644 1297 4697 hominum
1311 4651 1413 4711 gentem
1435 4642 1531 4698 saetam

352 4748 412 4785 esse
432 4731 503 4784 dicit.
523 4732 595 4800 Ergo
615 4730 725 4785 Ovidius
743 4748 785 4784 res
805 4731 922 4785 diversas
942 4731 1050 4785 libidine
1069 4734 1138 4786 inter
1156 4748 1184 4785 se
1204 4735 1353 4786 connexuit.
