3750 5592
897 644 1117 704 ..68-

416 838 569 902 fabularis
592 838 742 901 historiae
765 847 882 923 partes,
907 860 988 923 quae
1012 848 1085 901 sunt
1103 838 1142 901 de
1158 837 1278 901 Cadmo
1303 846 1333 901 et
1349 841 1416 902 eius
1430 842 1594 924 progenie,

415 944 455 1008 ‹le
477 945 592 1009 Medea
619 954 650 1008 et
672 945 878 1029 Argonautis,
910 944 949 1008 de
972 944 1087 1008 Attiois
1114 944 1220 1027 rebus,
1253 944 1386 1029 Theseo,
1419 946 1594 1030 Meleagro,

419 1052 564 1136 llereule,
589 1052 672 1116 bello
700 1052 847 1115 Troiano.
881 1053 967 1124 Quas
992 1051 1132 1134 fabulas,
1160 1060 1195 1115 ut
1224 1052 1251 1114 ei
1283 1053 1409 1136 placuit,
1440 1062 1495 1116 aut
1523 1053 1598 1134 bre·¹

414 1160 496 1222 viter
516 1160 781 1240 commemoravit,
813 1168 867 1221 aut
891 1179 972 1243 quae
998 1160 1028 1220 in
1048 1158 1328 1242 metamorphoseis
1349 1167 1477 1240 exeunt,
1505 1160 1598 1248 velut¹
1673 1224 1676 1228 .

414 1266 572 1351 Europae,
601 1265 783 1349 Actaeonis,
814 1266 956 1327 l'roenae
987 1274 1018 1327 et
1048 1264 1254 1346 Philomelae,
1286 1265 1434 1328 Herculis
1467 1266 1594 1330 fabulas
1644 1310 1647 1317 ·

415 1372 542 1436 uberius
559 1374 739 1457 explicavit,
764 1387 818 1433 aut
833 1372 1108 1434 transformatione
1129 1392 1170 1434 ex
1185 1371 1247 1434 alio
1269 1369 1356 1434 fonte
1370 1371 1488 1453 addita,
1505 1373 1595 1436 uelut

416 1478 566 1562 Meleagri
592 1493 623 1541 et
646 1477 773 1560 Lielrae,
798 1478 959 1563 proposito
983 1476 1155 1561 adaptavit.

521 1585 657 1647 Assidue
692 1599 797 1647 autem
829 1586 1067 1668 interrumpitur
1090 1595 1180 1647 tenor
1211 1606 1315 1647 rorum
1340 1606 1381 1647 ex
1404 1585 1592 1669 compendio

414 1707 559 1777 aceeptus
588 1691 820 1753 narrationibus
843 1713 862 1753 a
886 1690 1117 1775 mythographo
1142 1691 1253 1753 alienis
1286 1704 1316 1754 et
1339 1690 1380 1753 ab
1405 1693 1472 1775 ipso
1496 1706 1594 1775 poeta

416 1800 547 1862 insertis.
578 1802 663 1871 Quas
680 1819 802 1860 summa
818 1799 958 1861 colorum
974 1804 1138 1861 venustate
1154 1799 1326 1861 eminentes
1341 1813 1504 1882 poetarum
1520 1820 1595 1862 eum

414 1902 623 1990 popularium,
648 1919 714 1968 tum
737 1901 1030 1967 Alexandrinorum
1053 1905 1174 1968 auxilio
1205 1906 1300 1968 ascite
1325 1905 1499 1969 exornavit.
1549 1906 1595 1967 Ut

416 2031 489 2075 rero
513 2012 569 2073 has
592 2014 787 2096 narrationes
813 2012 1011 2074 intercalatus
1036 2011 1352 2075 iucundissimarum
1377 2010 1594 2074 fundamentis

405 2118 477 2180 'illis
501 2118 714 2202 coniungeret,
745 2117 904 2180 sollertem
927 2117 1060 2181 Ovidius
1089 2124 1120 2180 et
1148 2118 1347 2202 ingeniosum
1375 2140 1408 2181 se
1436 2119 1596 2202 praestitit

412 2233 545 2309 poetam.
570 2224 640 2297 (lua
665 2226 695 2287 in
719 2247 752 2286 re
777 2223 890 2310 quibus
914 2225 1054 2288 artificiis
1078 2225 1244 2309 praecipue
1268 2246 1343 2288 usus
1367 2235 1459 2308 esset,
1485 2224 1535 2287 hic
1556 2232 1591 2288 et

415 2332 478 2394 illie
500 2331 654 2416 exemplis
679 2330 853 2415 insignibus
877 2332 982 2394 allatis
1006 2331 1210 2396 ostendimur.

520 2438 592 2500 Hae
615 2439 711 2522 igitur
733 2437 940 2522 componendi
964 2439 1084 2501 ratione
1108 2438 1218 2502 vitavit
1232 2437 1373 2520 Ovidius
1398 2460 1437 2501 ne
1458 2438 1594 2501 lectores

414 2546 559 2607 continuo
587 2546 803 2607 narrationum
830 2552 939 2607 tenere
969 2544 1131 2629 fatigaret;
1165 2545 1258 2608 immo
1291 2557 1398 2607 eontra
1430 2551 1594 2608 assecutus

413 2658 470 2734 est,
498 2659 619 2714 utnon
643 2651 735 2714 mode
764 2651 1041 2714 innumerabilium
1071 2672 1147 2737 quas
1174 2651 1265 2714 affert
1292 2651 1474 2715 fabularum
1501 2654 1595 2736 eopia

413 2758 505 2820 eertis
530 2760 620 2820 lineis
650 2758 886 2842 disponeretur,
918 2756 974 2820 sed
1007 2758 1112 2831 etiam¹
1130 2779 1212 2822 nova
1243 2757 1397 2843 quaedam
1428 2765 1460 2820 et
1482 2778 1519 2820 ea
1543 2760 1594 2820 iu-

414 2862 603 2927 cundissima
627 2864 777 2928 eraderet
801 2863 955 2927 fabularis
978 2865 1119 2946 historia,
1151 2865 1183 2926 in
1207 2886 1269 2949 qua
1293 2866 1492 2929 variarentur
1515 2865 1594 2927 trita

414 2973 527 3051 ignotis
551 2974 713 3055 novisque,
739 2973 910 3055 simplicius
940 2978 1071 3035 tractata
1095 2971 1260 3055 splendide
1285 2972 1448 3034 illustratis
1479 2979 1510 3034 et
1535 2993 1594 3033 ex-

413 3080 540 3141 eruatis.
