3750 5592
829 607 864 613 --
914 568 956 629 40
1007 606 1042 614 -.

455 765 687 850 Comprobatur
715 763 850 850 denique
880 764 1056 851 compendii
1087 787 1161 829 usus
1184 764 1233 828 his
1257 765 1360 829 rebus.
1407 764 1523 829 Exitus
1575 792 1578 796 ·

347 872 508 958 Apollonii
532 874 679 936 carminis
704 874 728 935 is
753 879 809 954 est,
838 871 1040 957 Argonautas
1064 870 1104 935 ad
1128 878 1305 936 extremum
1330 872 1465 936 feliciter
1488 874 1522 935 in

348 979 483 1066 patriam
506 982 698 1065 pervenisse.
723 979 856 1044 Ovidius
880 986 986 1043 autem
1015 986 1046 1044 01
1069 979 1329 1065 mythographus,
1354 984 1524 1065 postquam

348 1096 557 1152 narraverunt
585 1087 788 1172 Argonautas
825 1087 865 1150 ad
898 1087 1041 1151 Iolcum
1078 1109 1191 1151 navem
1229 1087 1389 1173 appulisse
1421 1086 1521 1172 (Apd.

278 1173 289 1183 ’
349 1193 367 1257 Ι
393 1195 470 1278 142;
494 1201 567 1257 met.
583 1193 652 1257 VII
679 1195 755 1278 1583
780 1194 1024 1277 animadvertas,
1047 1194 1254 1279 Apollonium
1278 1192 1342 1277 [IV
1366 1193 1465 1276 1781]
1491 1196 1524 1257 iu

348 1303 532 1367 universum
556 1301 659 1365 dicere
683 1301 885 1385 Argonautas
909 1302 942 1365 in
969 1304 1100 1383 ,duruit
1124 1298 1362 1388 llrtyrroqc'ducc“
1385 1321 1427 1364 ex
1439 1322 1524 1366 nave

350 1429 492 1494 egressos
516 1409 608 1492 csse),
633 1408 758 1472 fabulas
782 1430 863 1495 quac
884 1408 922 1471 de
938 1409 1052 1472 Iasone
1077 1414 1108 1472 et
1120 1408 1234 1471 Medea
1255 1415 1363 1493 agunt,
1388 1413 1525 1472 tractare

349 1522 493 1601 pergunt,
525 1536 560 1578 ac
591 1537 780 1601 quamquam
811 1537 886 1579 sane
916 1523 1010 1600 poeta
1040 1537 1096 1579 suo
1125 1537 1212 1579 more
1243 1515 1305 1578 alia
1333 1515 1437 1579 omisit
1461 1517 1525 1579 alia

350 1624 439 1685 auxit
461 1624 524 1685 alia
547 1622 675 1686 aliunde
699 1626 839 1707 inseruit,
864 1621 1007 1688 versibus
1031 1626 1098 1687 cius
1122 1622 1255 1686 eundem
1279 1622 1407 1686 subesse
1431 1621 1526 1685 fabu-

349 1729 452 1792 larum
485 1730 626 1793 ordinem
659 1738 753 1815 atque
786 1730 870 1816 apud
902 1730 1169 1816 mythographum
1200 1729 1286 1793 haud
1320 1729 1446 1793 difficile
1478 1736 1527 1793 est

350 1836 572 1919 demonstratu,
592 1845 757 1922 postquam
780 1839 1005 1920 intelleximus,
1029 1837 1176 1901 Ovidium
1201 1837 1329 1900 aliunde
1353 1838 1525 1900 inseruisse

351 1942 492 2007 fabulam
516 1944 555 2007 de
571 1944 697 2008 Aesone
721 1945 845 2008 lasonis
868 1951 968 2030 patre,
994 1966 1087 2029 quem
1110 1944 1224 2008 Medea
1248 1946 1395 2009 iuvenem
1418 1942 1526 2007 reddi-

350 2051 440 2115 derit.
472 2051 603 2115 Carolus
627 2054 710 2115 enim
726 2049 846 2115 Robert
864 2051 976 2134 („Bild
999 2051 1064 2113 und
1091 2051 1186 2113 11101α
1205 2074 1235 2137 p.
1254 2052 1328 2134 231,
1345 2052 1378 2133 5)
1403 2053 1524 2134 statuit,

351 2158 511 2222 Nasonem
525 2159 659 2222 Aesonis
682 2156 825 2222 fabulam
847 2160 1044 2223 coniunctam
1068 2179 1138 2221 cum
1162 2160 1216 2222 illa
1241 2157 1280 2221 de
1297 2159 1425 2222 recoctis
1442 2158 1526 2221 Bac-

350 2264 400 2328 chi
424 2265 596 2328 nutricibus
620 2266 790 2350 sumpsisse
814 2288 855 2329 ex
867 2265 1029 2351 Euripidis
1044 2265 1176 2328 Medeae
1194 2264 1372 2351 hypothesi,
1397 2264 1527 2349 qualem

352 2393 434 2435 nunc
457 2380 608 2436 tenemus.
618 2371 643 2454 5)

458 2480 594 2565 Dempta
619 2481 714 2565 igitur·
737 2480 795 2542 hae
818 2482 998 2544 narratione
1028 2479 1111 2542 idem
1143 2488 1189 2543 est
1211 2502 1317 2543 rerum
1341 2480 1416 2544 ordo
1439 2479 1528 2565 apud

351 2586 501 2651 Ovidium
525 2594 555 2650 et
578 2586 662 2672 apud
690 2586 970 2673 mythographum:
1005 2588 1146 2671 sequitur
1173 2594 1243 2672 post
1267 2587 1389 2651 Iasonis
1413 2586 1447 2649 in
1469 2608 1527 2671 pa·

351 2694 443 2757 triam
467 2692 603 2757 reditum
616 2695 724 2757 Peliae
737 2693 866 2757 horrida
878 2693 1035 2757 mactatio.
1061 2694 1150 2767 Quae
1164 2702 1269 2757 autem
1287 2696 1317 2756 in
1333 2692 1527 2757 bibliotheca

351 2801 481 2883 (1143)
511 2802 660 2886 leguntur
683 2802 722 2864 (10
746 2801 870 2864 Iasonis
895 2800 1015 2863 faruilia
1040 2824 1058 2863 a
1079 2801 1167 2864 Pelia
1194 2800 1366 2886 deperdita,
1392 2799 1527 2864 Ovidius

352 2908 465 2991 omisit,
495 2910 611 2994 quippe
635 2911 688 2994 qui
712 2907 871 2971 Aesonem
900 2908 1007 2971 111001
1033 2908 1202 2972 induceret.
1250 2906 1528 2993 [1101001010Ρο-

352 3014 469 3077 liadum
494 3014 621 3077 fabulae
646 3014 826 3099 exemplum
850 3020 1037 3099 quaerentes
1060 3036 1162 3100 nequa
1186 3015 1224 3077 de
1247 3013 1409 3098 Sophoclis
1424 3009 1526 3085 Ῥιζο-

352 3120 463 3206 :dycaeo
483 3142 586 3206 neque
610 3121 649 3184 dc
672 3121 833 3207 Euripidis
859 3118 990 3183 Heledus
1018 3124 1094 3184 00111
1123 3120 1242 3205 aliquid
1272 3122 1429 3183 seirenes
1453 3140 1528 3183 con-

352 3226 526 3291 cedendum
551 3235 611 3309 est3
636 3228 696 3291 nisi
720 3227 841 3292 dehac
865 3227 1027 3313 tragoedia
1050 3228 1143 3291 fidem
1167 3227 1320 3290 habemus
1344 3225 1528 3289 110010110-

352 3337 487 3419 rencnsi,
513 3337 564 3419 qui
590 3342 696 3398 contra
711 3334 859 3398 Ovidium
884 3358 948 3398 rem
975 3338 1006 3397 in
1030 3334 1244 3416 Thessalia,
1270 3354 1330 3417 quo
1345 3333 1529 3396 Iasonoum

351 3440 465 3505 Medea
494 3464 535 3505 ex
559 3441 688 3527 Scythia
718 3446 907 3526 pervenerit,
939 3448 1040 3505 actam
1070 3463 1137 3506 esse
1169 3442 1243 3504 dicit
1274 3441 1319 3522 (in
1352 3441 1528 3525 'Progymrt

353 3550 373 3612 l.
389 3547 459 3631 1113
485 3572 513 3613 1.
530 3548 644 3611 Nauck
667 3549 704 3611 Τ.
720 3548 758 3613 G.
774 3548 826 3611 111.
843 3571 871 3634 p.
889 3550 977 3631 550).
1002 3549 1125 3612 Rursus
1150 3554 1255 3611 autem
1279 3549 1431 3623 consentit
1454 3567 1528 3610 cum

353 3655 465 3720 Ouidio
481 3654 705 3740 Apollodorus,
730 3656 783 3740 qui
807 3656 933 3739 (1144)
957 3655 1103 3719 Medeam
1126 3662 1196 3740 post
1216 3654 1360 3737 reditum,
1384 3660 1530 3739 tempore

353 3764 524 3843 interiecto,
549 3784 567 3824 a
589 3762 681 3825 Pelia
704 3783 820 3847 poenas
843 3764 963 3848 cepisse
987 3760 1136 3844 narratl)
1180 3761 1294 3846 Neque
1318 3764 1350 3823 in
1375 3764 1529 3824 extremis

459 3921 481 3989 ὁ)
500 3921 610 3974 Frustra
634 3922 698 3973 mihi
717 3922 850 3989 Vollgrall'
870 3923 898 3989 (l.
914 3923 929 3972 l.
944 3940 968 3990 p.
983 3927 1013 3974 01
1034 3921 1079 3988 00.)
1103 3921 1202 3989 Hygini
1227 3921 1284 3972 loco
1309 3918 1338 3987 (f.
1360 3920 1421 3987 182)
1444 3920 1530 3975 allato

353 4016 444 4063 eontra
462 4009 607 4063 Robertum
625 4026 743 4078 pugnare
763 4009 873 4063 videtur.
893 4011 946 4063 Res
966 4011 1034 4062 enirn
1054 4008 1203 4062 decernitur
1222 4007 1370 4060 fabularum
1390 4023 1530 4077 eonnexu3

354 4100 527 4165 nequeenim
553 4100 638 4151 solum
664 4097 756 4151 codem
780 4098 866 4164 modo,
890 4115 942 4165 quo
967 4098 1144 4166 hypotheseos
1166 4105 1258 4150 auctor
1281 4097 1394 4149 Aesonis
1412 4094 1531 4166 fabulae,

354 4188 386 4241 de
415 4203 466 4256 qua
494 4186 565 4255 apud
591 4189 725 4256 Hyginum
755 4189 831 4253 nihil,
860 4189 1035 4240 narrationem
1062 4185 1094 4238 dc
1120 4186 1220 4238 Bacchi
1246 4185 1391 4237 nutricibus
1417 4184 1532 4241 Ovidius

354 4277 498 4344 subiunxit,
517 4276 564 4331 sed
583 4278 662 4330 etiam
681 4278 825 4330 Nestorem
843 4293 948 4329 versum
968 4278 992 4327 iu
1012 4275 1151 4344 hypothesi
1172 4282 1303 4327 servatum
1316 4273 1433 4326 versibus
1452 4278 1532 4329 auxit

354 4374 380 4419 et
399 4368 537 4420 exornavit
555 4369 607 4419 262
627 4382 661 4421 00.

460 4455 482 4524 ⁶)
503 4457 587 4509 Aliter
614 4454 747 4510 Diodorus
772 4456 810 4508 IV
837 4459 950 4519 oli-53,
975 4470 1052 4521 quem
1076 4469 1109 4505 ex
1132 4452 1260 4521 Dionysio
1282 4451 1531 4520 Scytbobrachionc

353 4562 400 4598 sua
413 4546 531 4599 hausisse
545 4545 576 4598 E.
591 4546 675 4598 Bethe
699 4544 759 4612 (1.1.
774 4561 797 4612 p.
815 4545 858 4611 14)
878 4542 1073 4609 (10111000101111,
1088 4549 1113 4594 01
1130 4542 1251 4609 Hyginus
1265 4540 1281 4593 s.
1296 4544 1337 4593 24.
1353 4542 1533 4596 Consentiunt

354 4637 423 4691 euim
443 4636 564 4690 Iasonem
587 4634 750 4704 redeuutem,
774 4650 833 4687 cum
858 4649 911 4686 non
929 4635 1007 4708 longe
1035 4632 1068 4685 ab
1087 4631 1159 4685 Iolco
1180 4629 1282 4698 afuerit,
1302 4627 1423 4682 Medeam
1450 4645 1532 4702 prae-
